%YAML 1.1
%TAG !u! tag:unity3d.com,2011:
--- !u!1 &5864280320726106288
GameObject:
  m_ObjectHideFlags: 0
  m_CorrespondingSourceObject: {fileID: 0}
  m_PrefabInstance: {fileID: 0}
  m_PrefabAsset: {fileID: 0}
  serializedVersion: 6
  m_Component:
  - component: {fileID: 962451792813862200}
  m_Layer: 0
  m_Name: townhall
  m_TagString: Untagged
  m_Icon: {fileID: 0}
  m_NavMeshLayer: 0
  m_StaticEditorFlags: 0
  m_IsActive: 1
--- !u!4 &962451792813862200
Transform:
  m_ObjectHideFlags: 0
  m_CorrespondingSourceObject: {fileID: 0}
  m_PrefabInstance: {fileID: 0}
  m_PrefabAsset: {fileID: 0}
  m_GameObject: {fileID: 5864280320726106288}
  m_LocalRotation: {x: 0, y: 0, z: 0, w: 1}
  m_LocalPosition: {x: 0, y: 0, z: 0}
  m_LocalScale: {x: 1, y: 1, z: 1}
  m_Children:
  - {fileID: 4428624728497708449}
  - {fileID: 7472950632047876877}
  - {fileID: 4021325681706362792}
  - {fileID: 2140206671188506311}
  - {fileID: 964403107566792164}
  - {fileID: 5127992899420634288}
  - {fileID: 8121032421671196745}
  - {fileID: 5352961399874265358}
  - {fileID: 4801699583885489178}
  - {fileID: 4124579707208570207}
  - {fileID: 6739644598923702402}
  - {fileID: 2688323632670094018}
  - {fileID: 2538756102917042599}
  - {fileID: 6225166911533336229}
  - {fileID: 2738080584769828364}
  - {fileID: 1938872226304601415}
  - {fileID: 5637662304962738972}
  - {fileID: 1590774550267956566}
  - {fileID: 9016475686129177296}
  - {fileID: 583}
  - {fileID: 7750130362444431087}
  - {fileID: 7671456314252787377}
  - {fileID: 7705740741481998653}
  m_Father: {fileID: 0}
  m_RootOrder: 0
  m_LocalEulerAnglesHint: {x: 0, y: 0, z: 0}
--- !u!1001 &964403107566792364
PrefabInstance:
  m_ObjectHideFlags: 0
  serializedVersion: 2
  m_Modification:
    m_TransformParent: {fileID: 962451792813862200}
    m_Modifications:
    - target: {fileID: 840, guid: 9ac7cb5eb93de493a9fcfa8a1a6afad6, type: 3}
      propertyPath: m_LocalPosition.x
      value: -1
      objectReference: {fileID: 0}
    - target: {fileID: 840, guid: 9ac7cb5eb93de493a9fcfa8a1a6afad6, type: 3}
      propertyPath: m_LocalPosition.y
      value: 0
      objectReference: {fileID: 0}
    - target: {fileID: 840, guid: 9ac7cb5eb93de493a9fcfa8a1a6afad6, type: 3}
      propertyPath: m_LocalPosition.z
      value: 0
      objectReference: {fileID: 0}
    - target: {fileID: 840, guid: 9ac7cb5eb93de493a9fcfa8a1a6afad6, type: 3}
      propertyPath: m_LocalRotation.x
      value: -0
      objectReference: {fileID: 0}
    - target: {fileID: 840, guid: 9ac7cb5eb93de493a9fcfa8a1a6afad6, type: 3}
      propertyPath: m_LocalRotation.y
      value: 1
      objectReference: {fileID: 0}
    - target: {fileID: 840, guid: 9ac7cb5eb93de493a9fcfa8a1a6afad6, type: 3}
      propertyPath: m_LocalRotation.z
      value: -0
      objectReference: {fileID: 0}
    - target: {fileID: 840, guid: 9ac7cb5eb93de493a9fcfa8a1a6afad6, type: 3}
      propertyPath: m_LocalRotation.w
      value: 0
      objectReference: {fileID: 0}
    - target: {fileID: 840, guid: 9ac7cb5eb93de493a9fcfa8a1a6afad6, type: 3}
      propertyPath: m_RootOrder
      value: 4
      objectReference: {fileID: 0}
    - target: {fileID: 840, guid: 9ac7cb5eb93de493a9fcfa8a1a6afad6, type: 3}
      propertyPath: m_LocalEulerAnglesHint.x
      value: 0
      objectReference: {fileID: 0}
    - target: {fileID: 840, guid: 9ac7cb5eb93de493a9fcfa8a1a6afad6, type: 3}
      propertyPath: m_LocalEulerAnglesHint.y
      value: 180.00002
      objectReference: {fileID: 0}
    - target: {fileID: 840, guid: 9ac7cb5eb93de493a9fcfa8a1a6afad6, type: 3}
      propertyPath: m_LocalEulerAnglesHint.z
      value: 0
      objectReference: {fileID: 0}
    - target: {fileID: 840, guid: 9ac7cb5eb93de493a9fcfa8a1a6afad6, type: 3}
      propertyPath: m_LocalScale.y
      value: 2
      objectReference: {fileID: 0}
    - target: {fileID: 291, guid: 9ac7cb5eb93de493a9fcfa8a1a6afad6, type: 3}
      propertyPath: m_Name
      value: cube-side
      objectReference: {fileID: 0}
    - target: {fileID: 2179, guid: 9ac7cb5eb93de493a9fcfa8a1a6afad6, type: 3}
      propertyPath: id
      value: 688178
      objectReference: {fileID: 0}
    - target: {fileID: 1397, guid: 9ac7cb5eb93de493a9fcfa8a1a6afad6, type: 3}
      propertyPath: m_Center.y
      value: 0.5
      objectReference: {fileID: 0}
    - target: {fileID: 1397, guid: 9ac7cb5eb93de493a9fcfa8a1a6afad6, type: 3}
      propertyPath: m_Size.y
      value: 1
      objectReference: {fileID: 0}
    m_RemovedComponents: []
  m_SourcePrefab: {fileID: 100100000, guid: 9ac7cb5eb93de493a9fcfa8a1a6afad6, type: 3}
--- !u!4 &964403107566792164 stripped
Transform:
  m_CorrespondingSourceObject: {fileID: 840, guid: 9ac7cb5eb93de493a9fcfa8a1a6afad6,
    type: 3}
  m_PrefabInstance: {fileID: 964403107566792364}
  m_PrefabAsset: {fileID: 0}
--- !u!1001 &1590774550267957196
PrefabInstance:
  m_ObjectHideFlags: 0
  serializedVersion: 2
  m_Modification:
    m_TransformParent: {fileID: 962451792813862200}
    m_Modifications:
    - target: {fileID: 666, guid: dad73e34e916742af839e9ba0c6e3ca7, type: 3}
      propertyPath: m_LocalPosition.x
      value: 0
      objectReference: {fileID: 0}
    - target: {fileID: 666, guid: dad73e34e916742af839e9ba0c6e3ca7, type: 3}
      propertyPath: m_LocalPosition.y
      value: 0
      objectReference: {fileID: 0}
    - target: {fileID: 666, guid: dad73e34e916742af839e9ba0c6e3ca7, type: 3}
      propertyPath: m_LocalPosition.z
      value: -2
      objectReference: {fileID: 0}
    - target: {fileID: 666, guid: dad73e34e916742af839e9ba0c6e3ca7, type: 3}
      propertyPath: m_LocalRotation.x
      value: -0
      objectReference: {fileID: 0}
    - target: {fileID: 666, guid: dad73e34e916742af839e9ba0c6e3ca7, type: 3}
      propertyPath: m_LocalRotation.y
      value: -0
      objectReference: {fileID: 0}
    - target: {fileID: 666, guid: dad73e34e916742af839e9ba0c6e3ca7, type: 3}
      propertyPath: m_LocalRotation.z
      value: -0
      objectReference: {fileID: 0}
    - target: {fileID: 666, guid: dad73e34e916742af839e9ba0c6e3ca7, type: 3}
      propertyPath: m_LocalRotation.w
      value: 1
      objectReference: {fileID: 0}
    - target: {fileID: 666, guid: dad73e34e916742af839e9ba0c6e3ca7, type: 3}
      propertyPath: m_RootOrder
      value: 17
      objectReference: {fileID: 0}
    - target: {fileID: 666, guid: dad73e34e916742af839e9ba0c6e3ca7, type: 3}
      propertyPath: m_LocalEulerAnglesHint.x
      value: 0
      objectReference: {fileID: 0}
    - target: {fileID: 666, guid: dad73e34e916742af839e9ba0c6e3ca7, type: 3}
      propertyPath: m_LocalEulerAnglesHint.y
      value: 0
      objectReference: {fileID: 0}
    - target: {fileID: 666, guid: dad73e34e916742af839e9ba0c6e3ca7, type: 3}
      propertyPath: m_LocalEulerAnglesHint.z
      value: 0
      objectReference: {fileID: 0}
    - target: {fileID: 269, guid: dad73e34e916742af839e9ba0c6e3ca7, type: 3}
      propertyPath: m_Name
      value: Campfire
      objectReference: {fileID: 0}
    - target: {fileID: 750, guid: dad73e34e916742af839e9ba0c6e3ca7, type: 3}
      propertyPath: m_LocalRotation.y
      value: -0.2927152
      objectReference: {fileID: 0}
    - target: {fileID: 750, guid: dad73e34e916742af839e9ba0c6e3ca7, type: 3}
      propertyPath: m_LocalRotation.w
      value: 0.9561997
      objectReference: {fileID: 0}
    - target: {fileID: 1858, guid: dad73e34e916742af839e9ba0c6e3ca7, type: 3}
      propertyPath: id
      value: 688176
      objectReference: {fileID: 0}
    m_RemovedComponents: []
  m_SourcePrefab: {fileID: 100100000, guid: dad73e34e916742af839e9ba0c6e3ca7, type: 3}
--- !u!4 &1590774550267956566 stripped
Transform:
  m_CorrespondingSourceObject: {fileID: 666, guid: dad73e34e916742af839e9ba0c6e3ca7,
    type: 3}
  m_PrefabInstance: {fileID: 1590774550267957196}
  m_PrefabAsset: {fileID: 0}
--- !u!1001 &1938872226304601602
PrefabInstance:
  m_ObjectHideFlags: 0
  serializedVersion: 2
  m_Modification:
    m_TransformParent: {fileID: 962451792813862200}
    m_Modifications:
    - target: {fileID: 837, guid: 3109f9b082ef04108b3ccbf86fef6523, type: 3}
      propertyPath: m_LocalPosition.x
      value: 0
      objectReference: {fileID: 0}
    - target: {fileID: 837, guid: 3109f9b082ef04108b3ccbf86fef6523, type: 3}
      propertyPath: m_LocalPosition.y
      value: 0.869
      objectReference: {fileID: 0}
    - target: {fileID: 837, guid: 3109f9b082ef04108b3ccbf86fef6523, type: 3}
      propertyPath: m_LocalPosition.z
      value: 0
      objectReference: {fileID: 0}
    - target: {fileID: 837, guid: 3109f9b082ef04108b3ccbf86fef6523, type: 3}
      propertyPath: m_LocalRotation.x
      value: 0
      objectReference: {fileID: 0}
    - target: {fileID: 837, guid: 3109f9b082ef04108b3ccbf86fef6523, type: 3}
      propertyPath: m_LocalRotation.y
      value: 1
      objectReference: {fileID: 0}
    - target: {fileID: 837, guid: 3109f9b082ef04108b3ccbf86fef6523, type: 3}
      propertyPath: m_LocalRotation.z
      value: 0
      objectReference: {fileID: 0}
    - target: {fileID: 837, guid: 3109f9b082ef04108b3ccbf86fef6523, type: 3}
      propertyPath: m_LocalRotation.w
      value: 0
      objectReference: {fileID: 0}
    - target: {fileID: 837, guid: 3109f9b082ef04108b3ccbf86fef6523, type: 3}
      propertyPath: m_RootOrder
      value: 15
      objectReference: {fileID: 0}
    - target: {fileID: 837, guid: 3109f9b082ef04108b3ccbf86fef6523, type: 3}
      propertyPath: m_LocalEulerAnglesHint.x
      value: 0
      objectReference: {fileID: 0}
    - target: {fileID: 837, guid: 3109f9b082ef04108b3ccbf86fef6523, type: 3}
      propertyPath: m_LocalEulerAnglesHint.y
      value: 180
      objectReference: {fileID: 0}
    - target: {fileID: 837, guid: 3109f9b082ef04108b3ccbf86fef6523, type: 3}
      propertyPath: m_LocalEulerAnglesHint.z
      value: 0
      objectReference: {fileID: 0}
    - target: {fileID: 288, guid: 3109f9b082ef04108b3ccbf86fef6523, type: 3}
      propertyPath: m_Name
      value: cube-side-roof
      objectReference: {fileID: 0}
    - target: {fileID: 2175, guid: 3109f9b082ef04108b3ccbf86fef6523, type: 3}
      propertyPath: id
      value: 688175
      objectReference: {fileID: 0}
    - target: {fileID: 639, guid: 3109f9b082ef04108b3ccbf86fef6523, type: 3}
      propertyPath: m_LocalPosition.y
      value: -0.5
      objectReference: {fileID: 0}
    - target: {fileID: 1365, guid: 3109f9b082ef04108b3ccbf86fef6523, type: 3}
      propertyPath: m_Size.y
      value: 2
      objectReference: {fileID: 0}
    m_RemovedComponents: []
  m_SourcePrefab: {fileID: 100100000, guid: 3109f9b082ef04108b3ccbf86fef6523, type: 3}
--- !u!4 &1938872226304601415 stripped
Transform:
  m_CorrespondingSourceObject: {fileID: 837, guid: 3109f9b082ef04108b3ccbf86fef6523,
    type: 3}
  m_PrefabInstance: {fileID: 1938872226304601602}
  m_PrefabAsset: {fileID: 0}
--- !u!1001 &2140206671188505999
PrefabInstance:
  m_ObjectHideFlags: 0
  serializedVersion: 2
  m_Modification:
    m_TransformParent: {fileID: 962451792813862200}
    m_Modifications:
    - target: {fileID: 840, guid: 9ac7cb5eb93de493a9fcfa8a1a6afad6, type: 3}
      propertyPath: m_LocalPosition.x
      value: -1
      objectReference: {fileID: 0}
    - target: {fileID: 840, guid: 9ac7cb5eb93de493a9fcfa8a1a6afad6, type: 3}
      propertyPath: m_LocalPosition.y
      value: 0
      objectReference: {fileID: 0}
    - target: {fileID: 840, guid: 9ac7cb5eb93de493a9fcfa8a1a6afad6, type: 3}
      propertyPath: m_LocalPosition.z
      value: 1
      objectReference: {fileID: 0}
    - target: {fileID: 840, guid: 9ac7cb5eb93de493a9fcfa8a1a6afad6, type: 3}
      propertyPath: m_LocalRotation.x
      value: -0
      objectReference: {fileID: 0}
    - target: {fileID: 840, guid: 9ac7cb5eb93de493a9fcfa8a1a6afad6, type: 3}
      propertyPath: m_LocalRotation.y
      value: -0
      objectReference: {fileID: 0}
    - target: {fileID: 840, guid: 9ac7cb5eb93de493a9fcfa8a1a6afad6, type: 3}
      propertyPath: m_LocalRotation.z
      value: -0
      objectReference: {fileID: 0}
    - target: {fileID: 840, guid: 9ac7cb5eb93de493a9fcfa8a1a6afad6, type: 3}
      propertyPath: m_LocalRotation.w
      value: 1
      objectReference: {fileID: 0}
    - target: {fileID: 840, guid: 9ac7cb5eb93de493a9fcfa8a1a6afad6, type: 3}
      propertyPath: m_RootOrder
      value: 3
      objectReference: {fileID: 0}
    - target: {fileID: 840, guid: 9ac7cb5eb93de493a9fcfa8a1a6afad6, type: 3}
      propertyPath: m_LocalEulerAnglesHint.x
      value: 0
      objectReference: {fileID: 0}
    - target: {fileID: 840, guid: 9ac7cb5eb93de493a9fcfa8a1a6afad6, type: 3}
      propertyPath: m_LocalEulerAnglesHint.y
      value: 0
      objectReference: {fileID: 0}
    - target: {fileID: 840, guid: 9ac7cb5eb93de493a9fcfa8a1a6afad6, type: 3}
      propertyPath: m_LocalEulerAnglesHint.z
      value: 0
      objectReference: {fileID: 0}
    - target: {fileID: 840, guid: 9ac7cb5eb93de493a9fcfa8a1a6afad6, type: 3}
      propertyPath: m_LocalScale.y
      value: 2
      objectReference: {fileID: 0}
    - target: {fileID: 291, guid: 9ac7cb5eb93de493a9fcfa8a1a6afad6, type: 3}
      propertyPath: m_Name
      value: cube-side
      objectReference: {fileID: 0}
    - target: {fileID: 2179, guid: 9ac7cb5eb93de493a9fcfa8a1a6afad6, type: 3}
      propertyPath: id
      value: 688174
      objectReference: {fileID: 0}
    - target: {fileID: 1397, guid: 9ac7cb5eb93de493a9fcfa8a1a6afad6, type: 3}
      propertyPath: m_Center.y
      value: 0.5
      objectReference: {fileID: 0}
    - target: {fileID: 1397, guid: 9ac7cb5eb93de493a9fcfa8a1a6afad6, type: 3}
      propertyPath: m_Size.y
      value: 1
      objectReference: {fileID: 0}
    m_RemovedComponents: []
  m_SourcePrefab: {fileID: 100100000, guid: 9ac7cb5eb93de493a9fcfa8a1a6afad6, type: 3}
--- !u!4 &2140206671188506311 stripped
Transform:
  m_CorrespondingSourceObject: {fileID: 840, guid: 9ac7cb5eb93de493a9fcfa8a1a6afad6,
    type: 3}
  m_PrefabInstance: {fileID: 2140206671188505999}
  m_PrefabAsset: {fileID: 0}
--- !u!1001 &2153646975648989382
PrefabInstance:
  m_ObjectHideFlags: 0
  serializedVersion: 2
  m_Modification:
    m_TransformParent: {fileID: 962451792813862200}
    m_Modifications:
    - target: {fileID: 1818079513583000039, guid: 4169c90a260474a3794ed695135040dc,
        type: 3}
      propertyPath: m_Name
      value: sign-mission1
      objectReference: {fileID: 0}
    - target: {fileID: 8616853234630393463, guid: 4169c90a260474a3794ed695135040dc,
        type: 3}
      propertyPath: m_LocalPosition.x
      value: 0
      objectReference: {fileID: 0}
    - target: {fileID: 8616853234630393463, guid: 4169c90a260474a3794ed695135040dc,
        type: 3}
      propertyPath: m_LocalPosition.y
      value: 0
      objectReference: {fileID: 0}
    - target: {fileID: 8616853234630393463, guid: 4169c90a260474a3794ed695135040dc,
        type: 3}
      propertyPath: m_LocalPosition.z
      value: 1.247
      objectReference: {fileID: 0}
    - target: {fileID: 8616853234630393463, guid: 4169c90a260474a3794ed695135040dc,
        type: 3}
      propertyPath: m_LocalRotation.x
      value: -0
      objectReference: {fileID: 0}
    - target: {fileID: 8616853234630393463, guid: 4169c90a260474a3794ed695135040dc,
        type: 3}
      propertyPath: m_LocalRotation.y
      value: -0
      objectReference: {fileID: 0}
    - target: {fileID: 8616853234630393463, guid: 4169c90a260474a3794ed695135040dc,
        type: 3}
      propertyPath: m_LocalRotation.z
      value: -0
      objectReference: {fileID: 0}
    - target: {fileID: 8616853234630393463, guid: 4169c90a260474a3794ed695135040dc,
        type: 3}
      propertyPath: m_LocalRotation.w
      value: 1
      objectReference: {fileID: 0}
    - target: {fileID: 8616853234630393463, guid: 4169c90a260474a3794ed695135040dc,
        type: 3}
      propertyPath: m_RootOrder
      value: 21
      objectReference: {fileID: 0}
    - target: {fileID: 8616853234630393463, guid: 4169c90a260474a3794ed695135040dc,
        type: 3}
      propertyPath: m_LocalEulerAnglesHint.x
      value: 0
      objectReference: {fileID: 0}
    - target: {fileID: 8616853234630393463, guid: 4169c90a260474a3794ed695135040dc,
        type: 3}
      propertyPath: m_LocalEulerAnglesHint.y
      value: 0
      objectReference: {fileID: 0}
    - target: {fileID: 8616853234630393463, guid: 4169c90a260474a3794ed695135040dc,
        type: 3}
      propertyPath: m_LocalEulerAnglesHint.z
      value: 0
      objectReference: {fileID: 0}
    m_RemovedComponents: []
  m_SourcePrefab: {fileID: 100100000, guid: 4169c90a260474a3794ed695135040dc, type: 3}
--- !u!4 &7671456314252787377 stripped
Transform:
  m_CorrespondingSourceObject: {fileID: 8616853234630393463, guid: 4169c90a260474a3794ed695135040dc,
    type: 3}
  m_PrefabInstance: {fileID: 2153646975648989382}
  m_PrefabAsset: {fileID: 0}
--- !u!1001 &2538756102917042924
PrefabInstance:
  m_ObjectHideFlags: 0
  serializedVersion: 2
  m_Modification:
    m_TransformParent: {fileID: 962451792813862200}
    m_Modifications:
    - target: {fileID: 843, guid: da0a3b67e00544dedb142fa474570d99, type: 3}
      propertyPath: m_LocalPosition.x
      value: 1
      objectReference: {fileID: 0}
    - target: {fileID: 843, guid: da0a3b67e00544dedb142fa474570d99, type: 3}
      propertyPath: m_LocalPosition.y
      value: 0.869
      objectReference: {fileID: 0}
    - target: {fileID: 843, guid: da0a3b67e00544dedb142fa474570d99, type: 3}
      propertyPath: m_LocalPosition.z
      value: 0
      objectReference: {fileID: 0}
    - target: {fileID: 843, guid: da0a3b67e00544dedb142fa474570d99, type: 3}
      propertyPath: m_LocalRotation.x
      value: -0
      objectReference: {fileID: 0}
    - target: {fileID: 843, guid: da0a3b67e00544dedb142fa474570d99, type: 3}
      propertyPath: m_LocalRotation.y
      value: 1
      objectReference: {fileID: 0}
    - target: {fileID: 843, guid: da0a3b67e00544dedb142fa474570d99, type: 3}
      propertyPath: m_LocalRotation.z
      value: -0
      objectReference: {fileID: 0}
    - target: {fileID: 843, guid: da0a3b67e00544dedb142fa474570d99, type: 3}
      propertyPath: m_LocalRotation.w
      value: 0.0000004172325
      objectReference: {fileID: 0}
    - target: {fileID: 843, guid: da0a3b67e00544dedb142fa474570d99, type: 3}
      propertyPath: m_RootOrder
      value: 12
      objectReference: {fileID: 0}
    - target: {fileID: 843, guid: da0a3b67e00544dedb142fa474570d99, type: 3}
      propertyPath: m_LocalEulerAnglesHint.x
      value: 0
      objectReference: {fileID: 0}
    - target: {fileID: 843, guid: da0a3b67e00544dedb142fa474570d99, type: 3}
      propertyPath: m_LocalEulerAnglesHint.y
      value: 180.00002
      objectReference: {fileID: 0}
    - target: {fileID: 843, guid: da0a3b67e00544dedb142fa474570d99, type: 3}
      propertyPath: m_LocalEulerAnglesHint.z
      value: 0
      objectReference: {fileID: 0}
    - target: {fileID: 294, guid: da0a3b67e00544dedb142fa474570d99, type: 3}
      propertyPath: m_Name
      value: cube-corner-roof
      objectReference: {fileID: 0}
    - target: {fileID: 1855, guid: da0a3b67e00544dedb142fa474570d99, type: 3}
      propertyPath: id
      value: 688173
      objectReference: {fileID: 0}
    - target: {fileID: 796, guid: da0a3b67e00544dedb142fa474570d99, type: 3}
      propertyPath: m_LocalPosition.y
      value: -0.5
      objectReference: {fileID: 0}
    - target: {fileID: 1424, guid: da0a3b67e00544dedb142fa474570d99, type: 3}
      propertyPath: m_Size.y
      value: 2
      objectReference: {fileID: 0}
    m_RemovedComponents: []
  m_SourcePrefab: {fileID: 100100000, guid: da0a3b67e00544dedb142fa474570d99, type: 3}
--- !u!4 &2538756102917042599 stripped
Transform:
  m_CorrespondingSourceObject: {fileID: 843, guid: da0a3b67e00544dedb142fa474570d99,
    type: 3}
  m_PrefabInstance: {fileID: 2538756102917042924}
  m_PrefabAsset: {fileID: 0}
--- !u!1001 &2688323632670093705
PrefabInstance:
  m_ObjectHideFlags: 0
  serializedVersion: 2
  m_Modification:
    m_TransformParent: {fileID: 962451792813862200}
    m_Modifications:
    - target: {fileID: 843, guid: da0a3b67e00544dedb142fa474570d99, type: 3}
      propertyPath: m_LocalPosition.x
      value: 1
      objectReference: {fileID: 0}
    - target: {fileID: 843, guid: da0a3b67e00544dedb142fa474570d99, type: 3}
      propertyPath: m_LocalPosition.y
      value: 0.869
      objectReference: {fileID: 0}
    - target: {fileID: 843, guid: da0a3b67e00544dedb142fa474570d99, type: 3}
      propertyPath: m_LocalPosition.z
      value: 1
      objectReference: {fileID: 0}
    - target: {fileID: 843, guid: da0a3b67e00544dedb142fa474570d99, type: 3}
      propertyPath: m_LocalRotation.x
      value: -0
      objectReference: {fileID: 0}
    - target: {fileID: 843, guid: da0a3b67e00544dedb142fa474570d99, type: 3}
      propertyPath: m_LocalRotation.y
      value: 0.70710665
      objectReference: {fileID: 0}
    - target: {fileID: 843, guid: da0a3b67e00544dedb142fa474570d99, type: 3}
      propertyPath: m_LocalRotation.z
      value: -0
      objectReference: {fileID: 0}
    - target: {fileID: 843, guid: da0a3b67e00544dedb142fa474570d99, type: 3}
      propertyPath: m_LocalRotation.w
      value: 0.70710695
      objectReference: {fileID: 0}
    - target: {fileID: 843, guid: da0a3b67e00544dedb142fa474570d99, type: 3}
      propertyPath: m_RootOrder
      value: 11
      objectReference: {fileID: 0}
    - target: {fileID: 843, guid: da0a3b67e00544dedb142fa474570d99, type: 3}
      propertyPath: m_LocalEulerAnglesHint.x
      value: 0
      objectReference: {fileID: 0}
    - target: {fileID: 843, guid: da0a3b67e00544dedb142fa474570d99, type: 3}
      propertyPath: m_LocalEulerAnglesHint.y
      value: 90.00001
      objectReference: {fileID: 0}
    - target: {fileID: 843, guid: da0a3b67e00544dedb142fa474570d99, type: 3}
      propertyPath: m_LocalEulerAnglesHint.z
      value: 0
      objectReference: {fileID: 0}
    - target: {fileID: 294, guid: da0a3b67e00544dedb142fa474570d99, type: 3}
      propertyPath: m_Name
      value: cube-corner-roof
      objectReference: {fileID: 0}
    - target: {fileID: 1855, guid: da0a3b67e00544dedb142fa474570d99, type: 3}
      propertyPath: id
      value: 688172
      objectReference: {fileID: 0}
    - target: {fileID: 796, guid: da0a3b67e00544dedb142fa474570d99, type: 3}
      propertyPath: m_LocalPosition.y
      value: -0.5
      objectReference: {fileID: 0}
    - target: {fileID: 1424, guid: da0a3b67e00544dedb142fa474570d99, type: 3}
      propertyPath: m_Size.y
      value: 2
      objectReference: {fileID: 0}
    m_RemovedComponents: []
  m_SourcePrefab: {fileID: 100100000, guid: da0a3b67e00544dedb142fa474570d99, type: 3}
--- !u!4 &2688323632670094018 stripped
Transform:
  m_CorrespondingSourceObject: {fileID: 843, guid: da0a3b67e00544dedb142fa474570d99,
    type: 3}
  m_PrefabInstance: {fileID: 2688323632670093705}
  m_PrefabAsset: {fileID: 0}
--- !u!1001 &2738080584769828169
PrefabInstance:
  m_ObjectHideFlags: 0
  serializedVersion: 2
  m_Modification:
    m_TransformParent: {fileID: 962451792813862200}
    m_Modifications:
    - target: {fileID: 837, guid: 3109f9b082ef04108b3ccbf86fef6523, type: 3}
      propertyPath: m_LocalPosition.x
      value: 0
      objectReference: {fileID: 0}
    - target: {fileID: 837, guid: 3109f9b082ef04108b3ccbf86fef6523, type: 3}
      propertyPath: m_LocalPosition.y
      value: 0.869
      objectReference: {fileID: 0}
    - target: {fileID: 837, guid: 3109f9b082ef04108b3ccbf86fef6523, type: 3}
      propertyPath: m_LocalPosition.z
      value: 1
      objectReference: {fileID: 0}
    - target: {fileID: 837, guid: 3109f9b082ef04108b3ccbf86fef6523, type: 3}
      propertyPath: m_LocalRotation.x
      value: -0
      objectReference: {fileID: 0}
    - target: {fileID: 837, guid: 3109f9b082ef04108b3ccbf86fef6523, type: 3}
      propertyPath: m_LocalRotation.y
      value: -0
      objectReference: {fileID: 0}
    - target: {fileID: 837, guid: 3109f9b082ef04108b3ccbf86fef6523, type: 3}
      propertyPath: m_LocalRotation.z
      value: -0
      objectReference: {fileID: 0}
    - target: {fileID: 837, guid: 3109f9b082ef04108b3ccbf86fef6523, type: 3}
      propertyPath: m_LocalRotation.w
      value: 1
      objectReference: {fileID: 0}
    - target: {fileID: 837, guid: 3109f9b082ef04108b3ccbf86fef6523, type: 3}
      propertyPath: m_RootOrder
      value: 14
      objectReference: {fileID: 0}
    - target: {fileID: 837, guid: 3109f9b082ef04108b3ccbf86fef6523, type: 3}
      propertyPath: m_LocalEulerAnglesHint.x
      value: 0
      objectReference: {fileID: 0}
    - target: {fileID: 837, guid: 3109f9b082ef04108b3ccbf86fef6523, type: 3}
      propertyPath: m_LocalEulerAnglesHint.y
      value: 0
      objectReference: {fileID: 0}
    - target: {fileID: 837, guid: 3109f9b082ef04108b3ccbf86fef6523, type: 3}
      propertyPath: m_LocalEulerAnglesHint.z
      value: 0
      objectReference: {fileID: 0}
    - target: {fileID: 288, guid: 3109f9b082ef04108b3ccbf86fef6523, type: 3}
      propertyPath: m_Name
      value: cube-side-roof
      objectReference: {fileID: 0}
    - target: {fileID: 2175, guid: 3109f9b082ef04108b3ccbf86fef6523, type: 3}
      propertyPath: id
      value: 688171
      objectReference: {fileID: 0}
    - target: {fileID: 639, guid: 3109f9b082ef04108b3ccbf86fef6523, type: 3}
      propertyPath: m_LocalPosition.y
      value: -0.5
      objectReference: {fileID: 0}
    - target: {fileID: 1365, guid: 3109f9b082ef04108b3ccbf86fef6523, type: 3}
      propertyPath: m_Size.y
      value: 2
      objectReference: {fileID: 0}
    m_RemovedComponents: []
  m_SourcePrefab: {fileID: 100100000, guid: 3109f9b082ef04108b3ccbf86fef6523, type: 3}
--- !u!4 &2738080584769828364 stripped
Transform:
  m_CorrespondingSourceObject: {fileID: 837, guid: 3109f9b082ef04108b3ccbf86fef6523,
    type: 3}
  m_PrefabInstance: {fileID: 2738080584769828169}
  m_PrefabAsset: {fileID: 0}
--- !u!1001 &4021325681706362080
PrefabInstance:
  m_ObjectHideFlags: 0
  serializedVersion: 2
  m_Modification:
    m_TransformParent: {fileID: 962451792813862200}
    m_Modifications:
    - target: {fileID: 840, guid: 9ac7cb5eb93de493a9fcfa8a1a6afad6, type: 3}
      propertyPath: m_LocalPosition.x
      value: 1
      objectReference: {fileID: 0}
    - target: {fileID: 840, guid: 9ac7cb5eb93de493a9fcfa8a1a6afad6, type: 3}
      propertyPath: m_LocalPosition.y
      value: 0
      objectReference: {fileID: 0}
    - target: {fileID: 840, guid: 9ac7cb5eb93de493a9fcfa8a1a6afad6, type: 3}
      propertyPath: m_LocalPosition.z
      value: 1
      objectReference: {fileID: 0}
    - target: {fileID: 840, guid: 9ac7cb5eb93de493a9fcfa8a1a6afad6, type: 3}
      propertyPath: m_LocalRotation.x
      value: -0
      objectReference: {fileID: 0}
    - target: {fileID: 840, guid: 9ac7cb5eb93de493a9fcfa8a1a6afad6, type: 3}
      propertyPath: m_LocalRotation.y
      value: -0
      objectReference: {fileID: 0}
    - target: {fileID: 840, guid: 9ac7cb5eb93de493a9fcfa8a1a6afad6, type: 3}
      propertyPath: m_LocalRotation.z
      value: -0
      objectReference: {fileID: 0}
    - target: {fileID: 840, guid: 9ac7cb5eb93de493a9fcfa8a1a6afad6, type: 3}
      propertyPath: m_LocalRotation.w
      value: 1
      objectReference: {fileID: 0}
    - target: {fileID: 840, guid: 9ac7cb5eb93de493a9fcfa8a1a6afad6, type: 3}
      propertyPath: m_RootOrder
      value: 2
      objectReference: {fileID: 0}
    - target: {fileID: 840, guid: 9ac7cb5eb93de493a9fcfa8a1a6afad6, type: 3}
      propertyPath: m_LocalEulerAnglesHint.x
      value: 0
      objectReference: {fileID: 0}
    - target: {fileID: 840, guid: 9ac7cb5eb93de493a9fcfa8a1a6afad6, type: 3}
      propertyPath: m_LocalEulerAnglesHint.y
      value: 0
      objectReference: {fileID: 0}
    - target: {fileID: 840, guid: 9ac7cb5eb93de493a9fcfa8a1a6afad6, type: 3}
      propertyPath: m_LocalEulerAnglesHint.z
      value: 0
      objectReference: {fileID: 0}
    - target: {fileID: 840, guid: 9ac7cb5eb93de493a9fcfa8a1a6afad6, type: 3}
      propertyPath: m_LocalScale.y
      value: 2
      objectReference: {fileID: 0}
    - target: {fileID: 291, guid: 9ac7cb5eb93de493a9fcfa8a1a6afad6, type: 3}
      propertyPath: m_Name
      value: cube-side
      objectReference: {fileID: 0}
    - target: {fileID: 2179, guid: 9ac7cb5eb93de493a9fcfa8a1a6afad6, type: 3}
      propertyPath: id
      value: 688169
      objectReference: {fileID: 0}
    - target: {fileID: 1397, guid: 9ac7cb5eb93de493a9fcfa8a1a6afad6, type: 3}
      propertyPath: m_Center.y
      value: 0.5
      objectReference: {fileID: 0}
    - target: {fileID: 1397, guid: 9ac7cb5eb93de493a9fcfa8a1a6afad6, type: 3}
      propertyPath: m_Size.y
      value: 1
      objectReference: {fileID: 0}
    m_RemovedComponents: []
  m_SourcePrefab: {fileID: 100100000, guid: 9ac7cb5eb93de493a9fcfa8a1a6afad6, type: 3}
--- !u!4 &4021325681706362792 stripped
Transform:
  m_CorrespondingSourceObject: {fileID: 840, guid: 9ac7cb5eb93de493a9fcfa8a1a6afad6,
    type: 3}
  m_PrefabInstance: {fileID: 4021325681706362080}
  m_PrefabAsset: {fileID: 0}
--- !u!1001 &4124579707208570391
PrefabInstance:
  m_ObjectHideFlags: 0
  serializedVersion: 2
  m_Modification:
    m_TransformParent: {fileID: 962451792813862200}
    m_Modifications:
    - target: {fileID: 840, guid: 9ac7cb5eb93de493a9fcfa8a1a6afad6, type: 3}
      propertyPath: m_LocalPosition.x
      value: -1
      objectReference: {fileID: 0}
    - target: {fileID: 840, guid: 9ac7cb5eb93de493a9fcfa8a1a6afad6, type: 3}
      propertyPath: m_LocalPosition.y
      value: 0
      objectReference: {fileID: 0}
    - target: {fileID: 840, guid: 9ac7cb5eb93de493a9fcfa8a1a6afad6, type: 3}
      propertyPath: m_LocalPosition.z
      value: 0
      objectReference: {fileID: 0}
    - target: {fileID: 840, guid: 9ac7cb5eb93de493a9fcfa8a1a6afad6, type: 3}
      propertyPath: m_LocalRotation.x
      value: -0
      objectReference: {fileID: 0}
    - target: {fileID: 840, guid: 9ac7cb5eb93de493a9fcfa8a1a6afad6, type: 3}
      propertyPath: m_LocalRotation.y
      value: -0.70710665
      objectReference: {fileID: 0}
    - target: {fileID: 840, guid: 9ac7cb5eb93de493a9fcfa8a1a6afad6, type: 3}
      propertyPath: m_LocalRotation.z
      value: -0
      objectReference: {fileID: 0}
    - target: {fileID: 840, guid: 9ac7cb5eb93de493a9fcfa8a1a6afad6, type: 3}
      propertyPath: m_LocalRotation.w
      value: 0.70710695
      objectReference: {fileID: 0}
    - target: {fileID: 840, guid: 9ac7cb5eb93de493a9fcfa8a1a6afad6, type: 3}
      propertyPath: m_RootOrder
      value: 9
      objectReference: {fileID: 0}
    - target: {fileID: 840, guid: 9ac7cb5eb93de493a9fcfa8a1a6afad6, type: 3}
      propertyPath: m_LocalEulerAnglesHint.x
      value: 0
      objectReference: {fileID: 0}
    - target: {fileID: 840, guid: 9ac7cb5eb93de493a9fcfa8a1a6afad6, type: 3}
      propertyPath: m_LocalEulerAnglesHint.y
      value: -90.00001
      objectReference: {fileID: 0}
    - target: {fileID: 840, guid: 9ac7cb5eb93de493a9fcfa8a1a6afad6, type: 3}
      propertyPath: m_LocalEulerAnglesHint.z
      value: 0
      objectReference: {fileID: 0}
    - target: {fileID: 840, guid: 9ac7cb5eb93de493a9fcfa8a1a6afad6, type: 3}
      propertyPath: m_LocalScale.y
      value: 2
      objectReference: {fileID: 0}
    - target: {fileID: 291, guid: 9ac7cb5eb93de493a9fcfa8a1a6afad6, type: 3}
      propertyPath: m_Name
      value: cube-side
      objectReference: {fileID: 0}
    - target: {fileID: 2179, guid: 9ac7cb5eb93de493a9fcfa8a1a6afad6, type: 3}
      propertyPath: id
      value: 688168
      objectReference: {fileID: 0}
    - target: {fileID: 1397, guid: 9ac7cb5eb93de493a9fcfa8a1a6afad6, type: 3}
      propertyPath: m_Center.y
      value: 0.5
      objectReference: {fileID: 0}
    - target: {fileID: 1397, guid: 9ac7cb5eb93de493a9fcfa8a1a6afad6, type: 3}
      propertyPath: m_Size.y
      value: 1
      objectReference: {fileID: 0}
    m_RemovedComponents: []
  m_SourcePrefab: {fileID: 100100000, guid: 9ac7cb5eb93de493a9fcfa8a1a6afad6, type: 3}
--- !u!4 &4124579707208570207 stripped
Transform:
  m_CorrespondingSourceObject: {fileID: 840, guid: 9ac7cb5eb93de493a9fcfa8a1a6afad6,
    type: 3}
  m_PrefabInstance: {fileID: 4124579707208570391}
  m_PrefabAsset: {fileID: 0}
--- !u!1001 &4428624728497708777
PrefabInstance:
  m_ObjectHideFlags: 0
  serializedVersion: 2
  m_Modification:
    m_TransformParent: {fileID: 962451792813862200}
    m_Modifications:
    - target: {fileID: 840, guid: 9ac7cb5eb93de493a9fcfa8a1a6afad6, type: 3}
      propertyPath: m_LocalPosition.x
      value: 0
      objectReference: {fileID: 0}
    - target: {fileID: 840, guid: 9ac7cb5eb93de493a9fcfa8a1a6afad6, type: 3}
      propertyPath: m_LocalPosition.y
      value: 0
      objectReference: {fileID: 0}
    - target: {fileID: 840, guid: 9ac7cb5eb93de493a9fcfa8a1a6afad6, type: 3}
      propertyPath: m_LocalPosition.z
      value: 1
      objectReference: {fileID: 0}
    - target: {fileID: 840, guid: 9ac7cb5eb93de493a9fcfa8a1a6afad6, type: 3}
      propertyPath: m_LocalRotation.x
      value: -0
      objectReference: {fileID: 0}
    - target: {fileID: 840, guid: 9ac7cb5eb93de493a9fcfa8a1a6afad6, type: 3}
      propertyPath: m_LocalRotation.y
      value: -0
      objectReference: {fileID: 0}
    - target: {fileID: 840, guid: 9ac7cb5eb93de493a9fcfa8a1a6afad6, type: 3}
      propertyPath: m_LocalRotation.z
      value: -0
      objectReference: {fileID: 0}
    - target: {fileID: 840, guid: 9ac7cb5eb93de493a9fcfa8a1a6afad6, type: 3}
      propertyPath: m_LocalRotation.w
      value: 1
      objectReference: {fileID: 0}
    - target: {fileID: 840, guid: 9ac7cb5eb93de493a9fcfa8a1a6afad6, type: 3}
      propertyPath: m_RootOrder
      value: 0
      objectReference: {fileID: 0}
    - target: {fileID: 840, guid: 9ac7cb5eb93de493a9fcfa8a1a6afad6, type: 3}
      propertyPath: m_LocalEulerAnglesHint.x
      value: 0
      objectReference: {fileID: 0}
    - target: {fileID: 840, guid: 9ac7cb5eb93de493a9fcfa8a1a6afad6, type: 3}
      propertyPath: m_LocalEulerAnglesHint.y
      value: 0
      objectReference: {fileID: 0}
    - target: {fileID: 840, guid: 9ac7cb5eb93de493a9fcfa8a1a6afad6, type: 3}
      propertyPath: m_LocalEulerAnglesHint.z
      value: 0
      objectReference: {fileID: 0}
    - target: {fileID: 840, guid: 9ac7cb5eb93de493a9fcfa8a1a6afad6, type: 3}
      propertyPath: m_LocalScale.y
      value: 2
      objectReference: {fileID: 0}
    - target: {fileID: 291, guid: 9ac7cb5eb93de493a9fcfa8a1a6afad6, type: 3}
      propertyPath: m_Name
      value: cube-side
      objectReference: {fileID: 0}
    - target: {fileID: 2179, guid: 9ac7cb5eb93de493a9fcfa8a1a6afad6, type: 3}
      propertyPath: id
      value: 688167
      objectReference: {fileID: 0}
    - target: {fileID: 1397, guid: 9ac7cb5eb93de493a9fcfa8a1a6afad6, type: 3}
      propertyPath: m_Center.y
      value: 0.5
      objectReference: {fileID: 0}
    - target: {fileID: 1397, guid: 9ac7cb5eb93de493a9fcfa8a1a6afad6, type: 3}
      propertyPath: m_Size.y
      value: 1
      objectReference: {fileID: 0}
    m_RemovedComponents: []
  m_SourcePrefab: {fileID: 100100000, guid: 9ac7cb5eb93de493a9fcfa8a1a6afad6, type: 3}
--- !u!4 &4428624728497708449 stripped
Transform:
  m_CorrespondingSourceObject: {fileID: 840, guid: 9ac7cb5eb93de493a9fcfa8a1a6afad6,
    type: 3}
  m_PrefabInstance: {fileID: 4428624728497708777}
  m_PrefabAsset: {fileID: 0}
--- !u!1001 &4801699583885490002
PrefabInstance:
  m_ObjectHideFlags: 0
  serializedVersion: 2
  m_Modification:
    m_TransformParent: {fileID: 962451792813862200}
    m_Modifications:
    - target: {fileID: 840, guid: 9ac7cb5eb93de493a9fcfa8a1a6afad6, type: 3}
      propertyPath: m_LocalPosition.x
      value: -1
      objectReference: {fileID: 0}
    - target: {fileID: 840, guid: 9ac7cb5eb93de493a9fcfa8a1a6afad6, type: 3}
      propertyPath: m_LocalPosition.y
      value: 0
      objectReference: {fileID: 0}
    - target: {fileID: 840, guid: 9ac7cb5eb93de493a9fcfa8a1a6afad6, type: 3}
      propertyPath: m_LocalPosition.z
      value: 1
      objectReference: {fileID: 0}
    - target: {fileID: 840, guid: 9ac7cb5eb93de493a9fcfa8a1a6afad6, type: 3}
      propertyPath: m_LocalRotation.x
      value: -0
      objectReference: {fileID: 0}
    - target: {fileID: 840, guid: 9ac7cb5eb93de493a9fcfa8a1a6afad6, type: 3}
      propertyPath: m_LocalRotation.y
      value: -0.70710665
      objectReference: {fileID: 0}
    - target: {fileID: 840, guid: 9ac7cb5eb93de493a9fcfa8a1a6afad6, type: 3}
      propertyPath: m_LocalRotation.z
      value: -0
      objectReference: {fileID: 0}
    - target: {fileID: 840, guid: 9ac7cb5eb93de493a9fcfa8a1a6afad6, type: 3}
      propertyPath: m_LocalRotation.w
      value: 0.70710695
      objectReference: {fileID: 0}
    - target: {fileID: 840, guid: 9ac7cb5eb93de493a9fcfa8a1a6afad6, type: 3}
      propertyPath: m_RootOrder
      value: 8
      objectReference: {fileID: 0}
    - target: {fileID: 840, guid: 9ac7cb5eb93de493a9fcfa8a1a6afad6, type: 3}
      propertyPath: m_LocalEulerAnglesHint.x
      value: 0
      objectReference: {fileID: 0}
    - target: {fileID: 840, guid: 9ac7cb5eb93de493a9fcfa8a1a6afad6, type: 3}
      propertyPath: m_LocalEulerAnglesHint.y
      value: -90.00001
      objectReference: {fileID: 0}
    - target: {fileID: 840, guid: 9ac7cb5eb93de493a9fcfa8a1a6afad6, type: 3}
      propertyPath: m_LocalEulerAnglesHint.z
      value: 0
      objectReference: {fileID: 0}
    - target: {fileID: 840, guid: 9ac7cb5eb93de493a9fcfa8a1a6afad6, type: 3}
      propertyPath: m_LocalScale.y
      value: 2
      objectReference: {fileID: 0}
    - target: {fileID: 291, guid: 9ac7cb5eb93de493a9fcfa8a1a6afad6, type: 3}
      propertyPath: m_Name
      value: cube-side
      objectReference: {fileID: 0}
    - target: {fileID: 2179, guid: 9ac7cb5eb93de493a9fcfa8a1a6afad6, type: 3}
      propertyPath: id
      value: 688166
      objectReference: {fileID: 0}
    - target: {fileID: 1397, guid: 9ac7cb5eb93de493a9fcfa8a1a6afad6, type: 3}
      propertyPath: m_Center.y
      value: 0.5
      objectReference: {fileID: 0}
    - target: {fileID: 1397, guid: 9ac7cb5eb93de493a9fcfa8a1a6afad6, type: 3}
      propertyPath: m_Size.y
      value: 1
      objectReference: {fileID: 0}
    m_RemovedComponents: []
  m_SourcePrefab: {fileID: 100100000, guid: 9ac7cb5eb93de493a9fcfa8a1a6afad6, type: 3}
--- !u!4 &4801699583885489178 stripped
Transform:
  m_CorrespondingSourceObject: {fileID: 840, guid: 9ac7cb5eb93de493a9fcfa8a1a6afad6,
    type: 3}
  m_PrefabInstance: {fileID: 4801699583885490002}
  m_PrefabAsset: {fileID: 0}
--- !u!1001 &5127992899420635128
PrefabInstance:
  m_ObjectHideFlags: 0
  serializedVersion: 2
  m_Modification:
    m_TransformParent: {fileID: 962451792813862200}
    m_Modifications:
    - target: {fileID: 840, guid: 9ac7cb5eb93de493a9fcfa8a1a6afad6, type: 3}
      propertyPath: m_LocalPosition.x
      value: 1
      objectReference: {fileID: 0}
    - target: {fileID: 840, guid: 9ac7cb5eb93de493a9fcfa8a1a6afad6, type: 3}
      propertyPath: m_LocalPosition.y
      value: 0
      objectReference: {fileID: 0}
    - target: {fileID: 840, guid: 9ac7cb5eb93de493a9fcfa8a1a6afad6, type: 3}
      propertyPath: m_LocalPosition.z
      value: 0
      objectReference: {fileID: 0}
    - target: {fileID: 840, guid: 9ac7cb5eb93de493a9fcfa8a1a6afad6, type: 3}
      propertyPath: m_LocalRotation.x
      value: -0
      objectReference: {fileID: 0}
    - target: {fileID: 840, guid: 9ac7cb5eb93de493a9fcfa8a1a6afad6, type: 3}
      propertyPath: m_LocalRotation.y
      value: 1
      objectReference: {fileID: 0}
    - target: {fileID: 840, guid: 9ac7cb5eb93de493a9fcfa8a1a6afad6, type: 3}
      propertyPath: m_LocalRotation.z
      value: -0
      objectReference: {fileID: 0}
    - target: {fileID: 840, guid: 9ac7cb5eb93de493a9fcfa8a1a6afad6, type: 3}
      propertyPath: m_LocalRotation.w
      value: 0
      objectReference: {fileID: 0}
    - target: {fileID: 840, guid: 9ac7cb5eb93de493a9fcfa8a1a6afad6, type: 3}
      propertyPath: m_RootOrder
      value: 5
      objectReference: {fileID: 0}
    - target: {fileID: 840, guid: 9ac7cb5eb93de493a9fcfa8a1a6afad6, type: 3}
      propertyPath: m_LocalEulerAnglesHint.x
      value: 0
      objectReference: {fileID: 0}
    - target: {fileID: 840, guid: 9ac7cb5eb93de493a9fcfa8a1a6afad6, type: 3}
      propertyPath: m_LocalEulerAnglesHint.y
      value: 180.00002
      objectReference: {fileID: 0}
    - target: {fileID: 840, guid: 9ac7cb5eb93de493a9fcfa8a1a6afad6, type: 3}
      propertyPath: m_LocalEulerAnglesHint.z
      value: 0
      objectReference: {fileID: 0}
    - target: {fileID: 840, guid: 9ac7cb5eb93de493a9fcfa8a1a6afad6, type: 3}
      propertyPath: m_LocalScale.y
      value: 2
      objectReference: {fileID: 0}
    - target: {fileID: 291, guid: 9ac7cb5eb93de493a9fcfa8a1a6afad6, type: 3}
      propertyPath: m_Name
      value: cube-side
      objectReference: {fileID: 0}
    - target: {fileID: 2179, guid: 9ac7cb5eb93de493a9fcfa8a1a6afad6, type: 3}
      propertyPath: id
      value: 688165
      objectReference: {fileID: 0}
    - target: {fileID: 1397, guid: 9ac7cb5eb93de493a9fcfa8a1a6afad6, type: 3}
      propertyPath: m_Center.y
      value: 0.5
      objectReference: {fileID: 0}
    - target: {fileID: 1397, guid: 9ac7cb5eb93de493a9fcfa8a1a6afad6, type: 3}
      propertyPath: m_Size.y
      value: 1
      objectReference: {fileID: 0}
    m_RemovedComponents: []
  m_SourcePrefab: {fileID: 100100000, guid: 9ac7cb5eb93de493a9fcfa8a1a6afad6, type: 3}
--- !u!4 &5127992899420634288 stripped
Transform:
  m_CorrespondingSourceObject: {fileID: 840, guid: 9ac7cb5eb93de493a9fcfa8a1a6afad6,
    type: 3}
  m_PrefabInstance: {fileID: 5127992899420635128}
  m_PrefabAsset: {fileID: 0}
--- !u!1001 &5352961399874265670
PrefabInstance:
  m_ObjectHideFlags: 0
  serializedVersion: 2
  m_Modification:
    m_TransformParent: {fileID: 962451792813862200}
    m_Modifications:
    - target: {fileID: 840, guid: 9ac7cb5eb93de493a9fcfa8a1a6afad6, type: 3}
      propertyPath: m_LocalPosition.x
      value: 1
      objectReference: {fileID: 0}
    - target: {fileID: 840, guid: 9ac7cb5eb93de493a9fcfa8a1a6afad6, type: 3}
      propertyPath: m_LocalPosition.y
      value: 0
      objectReference: {fileID: 0}
    - target: {fileID: 840, guid: 9ac7cb5eb93de493a9fcfa8a1a6afad6, type: 3}
      propertyPath: m_LocalPosition.z
      value: 1
      objectReference: {fileID: 0}
    - target: {fileID: 840, guid: 9ac7cb5eb93de493a9fcfa8a1a6afad6, type: 3}
      propertyPath: m_LocalRotation.x
      value: -0
      objectReference: {fileID: 0}
    - target: {fileID: 840, guid: 9ac7cb5eb93de493a9fcfa8a1a6afad6, type: 3}
      propertyPath: m_LocalRotation.y
      value: 0.70710695
      objectReference: {fileID: 0}
    - target: {fileID: 840, guid: 9ac7cb5eb93de493a9fcfa8a1a6afad6, type: 3}
      propertyPath: m_LocalRotation.z
      value: -0
      objectReference: {fileID: 0}
    - target: {fileID: 840, guid: 9ac7cb5eb93de493a9fcfa8a1a6afad6, type: 3}
      propertyPath: m_LocalRotation.w
      value: 0.70710665
      objectReference: {fileID: 0}
    - target: {fileID: 840, guid: 9ac7cb5eb93de493a9fcfa8a1a6afad6, type: 3}
      propertyPath: m_RootOrder
      value: 7
      objectReference: {fileID: 0}
    - target: {fileID: 840, guid: 9ac7cb5eb93de493a9fcfa8a1a6afad6, type: 3}
      propertyPath: m_LocalEulerAnglesHint.x
      value: 0
      objectReference: {fileID: 0}
    - target: {fileID: 840, guid: 9ac7cb5eb93de493a9fcfa8a1a6afad6, type: 3}
      propertyPath: m_LocalEulerAnglesHint.y
      value: 90.00001
      objectReference: {fileID: 0}
    - target: {fileID: 840, guid: 9ac7cb5eb93de493a9fcfa8a1a6afad6, type: 3}
      propertyPath: m_LocalEulerAnglesHint.z
      value: 0
      objectReference: {fileID: 0}
    - target: {fileID: 840, guid: 9ac7cb5eb93de493a9fcfa8a1a6afad6, type: 3}
      propertyPath: m_LocalScale.y
      value: 2
      objectReference: {fileID: 0}
    - target: {fileID: 291, guid: 9ac7cb5eb93de493a9fcfa8a1a6afad6, type: 3}
      propertyPath: m_Name
      value: cube-side
      objectReference: {fileID: 0}
    - target: {fileID: 2179, guid: 9ac7cb5eb93de493a9fcfa8a1a6afad6, type: 3}
      propertyPath: id
      value: 688164
      objectReference: {fileID: 0}
    - target: {fileID: 1397, guid: 9ac7cb5eb93de493a9fcfa8a1a6afad6, type: 3}
      propertyPath: m_Center.y
      value: 0.5
      objectReference: {fileID: 0}
    - target: {fileID: 1397, guid: 9ac7cb5eb93de493a9fcfa8a1a6afad6, type: 3}
      propertyPath: m_Size.y
      value: 1
      objectReference: {fileID: 0}
    m_RemovedComponents: []
  m_SourcePrefab: {fileID: 100100000, guid: 9ac7cb5eb93de493a9fcfa8a1a6afad6, type: 3}
--- !u!4 &5352961399874265358 stripped
Transform:
  m_CorrespondingSourceObject: {fileID: 840, guid: 9ac7cb5eb93de493a9fcfa8a1a6afad6,
    type: 3}
  m_PrefabInstance: {fileID: 5352961399874265670}
  m_PrefabAsset: {fileID: 0}
--- !u!1001 &5637662304962738564
PrefabInstance:
  m_ObjectHideFlags: 0
  serializedVersion: 2
  m_Modification:
    m_TransformParent: {fileID: 962451792813862200}
    m_Modifications:
    - target: {fileID: 267, guid: 7fcdd2900ca69421eb2acade3ff32cb5, type: 3}
      propertyPath: m_Name
      value: inside-wall-light-1
      objectReference: {fileID: 0}
    - target: {fileID: 664, guid: 7fcdd2900ca69421eb2acade3ff32cb5, type: 3}
      propertyPath: m_LocalPosition.x
      value: -1
      objectReference: {fileID: 0}
    - target: {fileID: 664, guid: 7fcdd2900ca69421eb2acade3ff32cb5, type: 3}
      propertyPath: m_LocalPosition.y
      value: 0
      objectReference: {fileID: 0}
    - target: {fileID: 664, guid: 7fcdd2900ca69421eb2acade3ff32cb5, type: 3}
      propertyPath: m_LocalPosition.z
      value: 1
      objectReference: {fileID: 0}
    - target: {fileID: 664, guid: 7fcdd2900ca69421eb2acade3ff32cb5, type: 3}
      propertyPath: m_LocalRotation.x
      value: 0
      objectReference: {fileID: 0}
    - target: {fileID: 664, guid: 7fcdd2900ca69421eb2acade3ff32cb5, type: 3}
      propertyPath: m_LocalRotation.y
      value: 0
      objectReference: {fileID: 0}
    - target: {fileID: 664, guid: 7fcdd2900ca69421eb2acade3ff32cb5, type: 3}
      propertyPath: m_LocalRotation.z
      value: 0
      objectReference: {fileID: 0}
    - target: {fileID: 664, guid: 7fcdd2900ca69421eb2acade3ff32cb5, type: 3}
      propertyPath: m_LocalRotation.w
      value: 1
      objectReference: {fileID: 0}
    - target: {fileID: 664, guid: 7fcdd2900ca69421eb2acade3ff32cb5, type: 3}
      propertyPath: m_RootOrder
      value: 16
      objectReference: {fileID: 0}
    - target: {fileID: 664, guid: 7fcdd2900ca69421eb2acade3ff32cb5, type: 3}
      propertyPath: m_LocalEulerAnglesHint.x
      value: 0
      objectReference: {fileID: 0}
    - target: {fileID: 664, guid: 7fcdd2900ca69421eb2acade3ff32cb5, type: 3}
      propertyPath: m_LocalEulerAnglesHint.y
      value: 0
      objectReference: {fileID: 0}
    - target: {fileID: 664, guid: 7fcdd2900ca69421eb2acade3ff32cb5, type: 3}
      propertyPath: m_LocalEulerAnglesHint.z
      value: 0
      objectReference: {fileID: 0}
    - target: {fileID: 1914, guid: 7fcdd2900ca69421eb2acade3ff32cb5, type: 3}
      propertyPath: id
      value: 688163
      objectReference: {fileID: 0}
    m_RemovedComponents: []
  m_SourcePrefab: {fileID: 100100000, guid: 7fcdd2900ca69421eb2acade3ff32cb5, type: 3}
--- !u!4 &5637662304962738972 stripped
Transform:
  m_CorrespondingSourceObject: {fileID: 664, guid: 7fcdd2900ca69421eb2acade3ff32cb5,
    type: 3}
  m_PrefabInstance: {fileID: 5637662304962738564}
  m_PrefabAsset: {fileID: 0}
--- !u!1001 &5673048354946821997
PrefabInstance:
  m_ObjectHideFlags: 0
  serializedVersion: 2
  m_Modification:
    m_TransformParent: {fileID: 962451792813862200}
    m_Modifications:
    - target: {fileID: 5673048354946821418, guid: 1383f5c1771e245b1be91b429170732e,
        type: 3}
      propertyPath: m_LocalPosition.x
      value: 1.226
      objectReference: {fileID: 0}
    - target: {fileID: 5673048354946821418, guid: 1383f5c1771e245b1be91b429170732e,
        type: 3}
      propertyPath: m_LocalPosition.y
      value: 0
      objectReference: {fileID: 0}
    - target: {fileID: 5673048354946821418, guid: 1383f5c1771e245b1be91b429170732e,
        type: 3}
      propertyPath: m_LocalPosition.z
      value: 0.502
      objectReference: {fileID: 0}
    - target: {fileID: 5673048354946821418, guid: 1383f5c1771e245b1be91b429170732e,
        type: 3}
      propertyPath: m_LocalRotation.x
      value: 0
      objectReference: {fileID: 0}
    - target: {fileID: 5673048354946821418, guid: 1383f5c1771e245b1be91b429170732e,
        type: 3}
      propertyPath: m_LocalRotation.y
      value: -0.7071068
      objectReference: {fileID: 0}
    - target: {fileID: 5673048354946821418, guid: 1383f5c1771e245b1be91b429170732e,
        type: 3}
      propertyPath: m_LocalRotation.z
      value: 0
      objectReference: {fileID: 0}
    - target: {fileID: 5673048354946821418, guid: 1383f5c1771e245b1be91b429170732e,
        type: 3}
      propertyPath: m_LocalRotation.w
      value: 0.7071068
      objectReference: {fileID: 0}
    - target: {fileID: 5673048354946821418, guid: 1383f5c1771e245b1be91b429170732e,
        type: 3}
      propertyPath: m_RootOrder
      value: 19
      objectReference: {fileID: 0}
    - target: {fileID: 5673048354946821418, guid: 1383f5c1771e245b1be91b429170732e,
        type: 3}
      propertyPath: m_LocalEulerAnglesHint.x
      value: 0
      objectReference: {fileID: 0}
    - target: {fileID: 5673048354946821418, guid: 1383f5c1771e245b1be91b429170732e,
        type: 3}
      propertyPath: m_LocalEulerAnglesHint.y
      value: -90
      objectReference: {fileID: 0}
    - target: {fileID: 5673048354946821418, guid: 1383f5c1771e245b1be91b429170732e,
        type: 3}
      propertyPath: m_LocalEulerAnglesHint.z
      value: 0
      objectReference: {fileID: 0}
    - target: {fileID: 5673048354946822021, guid: 1383f5c1771e245b1be91b429170732e,
        type: 3}
      propertyPath: m_Name
      value: townhall-panel
      objectReference: {fileID: 0}
    - target: {fileID: 5673048354946821279, guid: 1383f5c1771e245b1be91b429170732e,
        type: 3}
      propertyPath: m_Enabled
      value: 0
      objectReference: {fileID: 0}
    - target: {fileID: 5673048354946820552, guid: 1383f5c1771e245b1be91b429170732e,
        type: 3}
      propertyPath: m_LocalPosition.z
      value: -0
      objectReference: {fileID: 0}
    - target: {fileID: 5673048354946820552, guid: 1383f5c1771e245b1be91b429170732e,
        type: 3}
      propertyPath: m_AnchoredPosition.x
      value: 0
      objectReference: {fileID: 0}
    - target: {fileID: 5673048354946820552, guid: 1383f5c1771e245b1be91b429170732e,
        type: 3}
      propertyPath: m_SizeDelta.x
      value: 141.2073
      objectReference: {fileID: 0}
    - target: {fileID: 5673048354946820552, guid: 1383f5c1771e245b1be91b429170732e,
        type: 3}
      propertyPath: m_SizeDelta.y
      value: 87.1405
      objectReference: {fileID: 0}
    - target: {fileID: 5673048354946820552, guid: 1383f5c1771e245b1be91b429170732e,
        type: 3}
      propertyPath: m_AnchoredPosition.y
      value: 0
      objectReference: {fileID: 0}
    - target: {fileID: 5673048354946820578, guid: 1383f5c1771e245b1be91b429170732e,
        type: 3}
      propertyPath: m_AnchorMin.y
      value: 0
      objectReference: {fileID: 0}
    - target: {fileID: 5673048354946820578, guid: 1383f5c1771e245b1be91b429170732e,
        type: 3}
      propertyPath: m_AnchorMax.y
      value: 0
      objectReference: {fileID: 0}
    - target: {fileID: 5673048354946820578, guid: 1383f5c1771e245b1be91b429170732e,
        type: 3}
      propertyPath: m_AnchoredPosition.x
      value: 0
      objectReference: {fileID: 0}
    - target: {fileID: 5673048354946820578, guid: 1383f5c1771e245b1be91b429170732e,
        type: 3}
      propertyPath: m_AnchoredPosition.y
      value: 0
      objectReference: {fileID: 0}
    - target: {fileID: 5673048354946820578, guid: 1383f5c1771e245b1be91b429170732e,
        type: 3}
      propertyPath: m_SizeDelta.x
      value: 0
      objectReference: {fileID: 0}
    - target: {fileID: 5673048354946820578, guid: 1383f5c1771e245b1be91b429170732e,
        type: 3}
      propertyPath: m_SizeDelta.y
      value: 0
      objectReference: {fileID: 0}
    - target: {fileID: 5673048354946820599, guid: 1383f5c1771e245b1be91b429170732e,
        type: 3}
      propertyPath: m_AnchorMin.y
      value: 0
      objectReference: {fileID: 0}
    - target: {fileID: 5673048354946820599, guid: 1383f5c1771e245b1be91b429170732e,
        type: 3}
      propertyPath: m_AnchorMax.y
      value: 0
      objectReference: {fileID: 0}
    - target: {fileID: 5673048354946820599, guid: 1383f5c1771e245b1be91b429170732e,
        type: 3}
      propertyPath: m_AnchoredPosition.x
      value: 0
      objectReference: {fileID: 0}
    - target: {fileID: 5673048354946820599, guid: 1383f5c1771e245b1be91b429170732e,
        type: 3}
      propertyPath: m_AnchoredPosition.y
      value: 0
      objectReference: {fileID: 0}
    - target: {fileID: 5673048354946820599, guid: 1383f5c1771e245b1be91b429170732e,
        type: 3}
      propertyPath: m_SizeDelta.x
      value: 0
      objectReference: {fileID: 0}
    - target: {fileID: 5673048354946820599, guid: 1383f5c1771e245b1be91b429170732e,
        type: 3}
      propertyPath: m_SizeDelta.y
      value: 0
      objectReference: {fileID: 0}
    - target: {fileID: 5673048354946820551, guid: 1383f5c1771e245b1be91b429170732e,
        type: 3}
      propertyPath: m_AnchorMin.y
      value: 0
      objectReference: {fileID: 0}
    - target: {fileID: 5673048354946820551, guid: 1383f5c1771e245b1be91b429170732e,
        type: 3}
      propertyPath: m_AnchorMax.y
      value: 0
      objectReference: {fileID: 0}
    - target: {fileID: 5673048354946820551, guid: 1383f5c1771e245b1be91b429170732e,
        type: 3}
      propertyPath: m_AnchoredPosition.x
      value: 0
      objectReference: {fileID: 0}
    - target: {fileID: 5673048354946820551, guid: 1383f5c1771e245b1be91b429170732e,
        type: 3}
      propertyPath: m_AnchoredPosition.y
      value: 0
      objectReference: {fileID: 0}
    - target: {fileID: 5673048354946820551, guid: 1383f5c1771e245b1be91b429170732e,
        type: 3}
      propertyPath: m_SizeDelta.x
      value: 0
      objectReference: {fileID: 0}
    - target: {fileID: 5673048354946820551, guid: 1383f5c1771e245b1be91b429170732e,
        type: 3}
      propertyPath: m_SizeDelta.y
      value: 0
      objectReference: {fileID: 0}
    - target: {fileID: 5673048354946819945, guid: 1383f5c1771e245b1be91b429170732e,
        type: 3}
      propertyPath: m_Sprite
      value: 
      objectReference: {fileID: 21300000, guid: f20ad274b77cd42a2ad28e1644e3b786,
        type: 3}
    - target: {fileID: 5673048354946819945, guid: 1383f5c1771e245b1be91b429170732e,
        type: 3}
      propertyPath: m_PreserveAspect
      value: 1
      objectReference: {fileID: 0}
    - target: {fileID: 5673048354946819961, guid: 1383f5c1771e245b1be91b429170732e,
        type: 3}
      propertyPath: m_OnClick.m_PersistentCalls.m_Calls.Array.size
      value: 0
      objectReference: {fileID: 0}
    - target: {fileID: 5673048354946820576, guid: 1383f5c1771e245b1be91b429170732e,
        type: 3}
      propertyPath: m_AnchorMin.y
      value: 0
      objectReference: {fileID: 0}
    - target: {fileID: 5673048354946820576, guid: 1383f5c1771e245b1be91b429170732e,
        type: 3}
      propertyPath: m_AnchorMax.y
      value: 0
      objectReference: {fileID: 0}
    - target: {fileID: 5673048354946820576, guid: 1383f5c1771e245b1be91b429170732e,
        type: 3}
      propertyPath: m_AnchoredPosition.x
      value: 0
      objectReference: {fileID: 0}
    - target: {fileID: 5673048354946820576, guid: 1383f5c1771e245b1be91b429170732e,
        type: 3}
      propertyPath: m_AnchoredPosition.y
      value: 0
      objectReference: {fileID: 0}
    - target: {fileID: 5673048354946820576, guid: 1383f5c1771e245b1be91b429170732e,
        type: 3}
      propertyPath: m_SizeDelta.x
      value: 0
      objectReference: {fileID: 0}
    - target: {fileID: 5673048354946820576, guid: 1383f5c1771e245b1be91b429170732e,
        type: 3}
      propertyPath: m_SizeDelta.y
      value: 0
      objectReference: {fileID: 0}
    - target: {fileID: 5673048354946820607, guid: 1383f5c1771e245b1be91b429170732e,
        type: 3}
      propertyPath: m_AnchorMin.y
      value: 0
      objectReference: {fileID: 0}
    - target: {fileID: 5673048354946820607, guid: 1383f5c1771e245b1be91b429170732e,
        type: 3}
      propertyPath: m_AnchorMax.y
      value: 0
      objectReference: {fileID: 0}
    - target: {fileID: 5673048354946820607, guid: 1383f5c1771e245b1be91b429170732e,
        type: 3}
      propertyPath: m_AnchoredPosition.x
      value: 0
      objectReference: {fileID: 0}
    - target: {fileID: 5673048354946820607, guid: 1383f5c1771e245b1be91b429170732e,
        type: 3}
      propertyPath: m_AnchoredPosition.y
      value: 0
      objectReference: {fileID: 0}
    - target: {fileID: 5673048354946820607, guid: 1383f5c1771e245b1be91b429170732e,
        type: 3}
      propertyPath: m_SizeDelta.x
      value: 0
      objectReference: {fileID: 0}
    - target: {fileID: 5673048354946820607, guid: 1383f5c1771e245b1be91b429170732e,
        type: 3}
      propertyPath: m_SizeDelta.y
      value: 0
      objectReference: {fileID: 0}
    - target: {fileID: 5673048354946820600, guid: 1383f5c1771e245b1be91b429170732e,
        type: 3}
      propertyPath: m_AnchorMin.y
      value: 0
      objectReference: {fileID: 0}
    - target: {fileID: 5673048354946820600, guid: 1383f5c1771e245b1be91b429170732e,
        type: 3}
      propertyPath: m_AnchorMax.y
      value: 0
      objectReference: {fileID: 0}
    - target: {fileID: 5673048354946820600, guid: 1383f5c1771e245b1be91b429170732e,
        type: 3}
      propertyPath: m_AnchoredPosition.x
      value: 0
      objectReference: {fileID: 0}
    - target: {fileID: 5673048354946820600, guid: 1383f5c1771e245b1be91b429170732e,
        type: 3}
      propertyPath: m_AnchoredPosition.y
      value: 0
      objectReference: {fileID: 0}
    - target: {fileID: 5673048354946820600, guid: 1383f5c1771e245b1be91b429170732e,
        type: 3}
      propertyPath: m_SizeDelta.x
      value: 0
      objectReference: {fileID: 0}
    - target: {fileID: 5673048354946820600, guid: 1383f5c1771e245b1be91b429170732e,
        type: 3}
      propertyPath: m_SizeDelta.y
      value: 0
      objectReference: {fileID: 0}
    - target: {fileID: 5673048354946820564, guid: 1383f5c1771e245b1be91b429170732e,
        type: 3}
      propertyPath: m_AnchorMin.y
      value: 0
      objectReference: {fileID: 0}
    - target: {fileID: 5673048354946820564, guid: 1383f5c1771e245b1be91b429170732e,
        type: 3}
      propertyPath: m_AnchorMax.y
      value: 0
      objectReference: {fileID: 0}
    - target: {fileID: 5673048354946820564, guid: 1383f5c1771e245b1be91b429170732e,
        type: 3}
      propertyPath: m_AnchoredPosition.x
      value: 0
      objectReference: {fileID: 0}
    - target: {fileID: 5673048354946820564, guid: 1383f5c1771e245b1be91b429170732e,
        type: 3}
      propertyPath: m_AnchoredPosition.y
      value: 0
      objectReference: {fileID: 0}
    - target: {fileID: 5673048354946820564, guid: 1383f5c1771e245b1be91b429170732e,
        type: 3}
      propertyPath: m_SizeDelta.x
      value: 0
      objectReference: {fileID: 0}
    - target: {fileID: 5673048354946820564, guid: 1383f5c1771e245b1be91b429170732e,
        type: 3}
      propertyPath: m_SizeDelta.y
      value: 0
      objectReference: {fileID: 0}
    - target: {fileID: 1874051307479105514, guid: 1383f5c1771e245b1be91b429170732e,
        type: 3}
      propertyPath: m_AnchorMin.y
      value: 0
      objectReference: {fileID: 0}
    - target: {fileID: 1874051307479105514, guid: 1383f5c1771e245b1be91b429170732e,
        type: 3}
      propertyPath: m_AnchorMax.y
      value: 0
      objectReference: {fileID: 0}
    - target: {fileID: 1874051307479105514, guid: 1383f5c1771e245b1be91b429170732e,
        type: 3}
      propertyPath: m_AnchoredPosition.x
      value: 0
      objectReference: {fileID: 0}
    - target: {fileID: 1874051307479105514, guid: 1383f5c1771e245b1be91b429170732e,
        type: 3}
      propertyPath: m_AnchoredPosition.y
      value: 0
      objectReference: {fileID: 0}
    - target: {fileID: 1874051307479105514, guid: 1383f5c1771e245b1be91b429170732e,
        type: 3}
      propertyPath: m_SizeDelta.x
      value: 0
      objectReference: {fileID: 0}
    - target: {fileID: 1874051307479105514, guid: 1383f5c1771e245b1be91b429170732e,
        type: 3}
      propertyPath: m_SizeDelta.y
      value: 0
      objectReference: {fileID: 0}
    - target: {fileID: 5673048354946820546, guid: 1383f5c1771e245b1be91b429170732e,
        type: 3}
      propertyPath: m_AnchorMin.y
      value: 0
      objectReference: {fileID: 0}
    - target: {fileID: 5673048354946820546, guid: 1383f5c1771e245b1be91b429170732e,
        type: 3}
      propertyPath: m_AnchorMax.y
      value: 0
      objectReference: {fileID: 0}
    - target: {fileID: 5673048354946820546, guid: 1383f5c1771e245b1be91b429170732e,
        type: 3}
      propertyPath: m_AnchoredPosition.x
      value: 0
      objectReference: {fileID: 0}
    - target: {fileID: 5673048354946820546, guid: 1383f5c1771e245b1be91b429170732e,
        type: 3}
      propertyPath: m_AnchoredPosition.y
      value: 0
      objectReference: {fileID: 0}
    - target: {fileID: 5673048354946820546, guid: 1383f5c1771e245b1be91b429170732e,
        type: 3}
      propertyPath: m_SizeDelta.x
      value: 0
      objectReference: {fileID: 0}
    - target: {fileID: 5673048354946820546, guid: 1383f5c1771e245b1be91b429170732e,
        type: 3}
      propertyPath: m_SizeDelta.y
      value: 0
      objectReference: {fileID: 0}
    - target: {fileID: 5673048354946820547, guid: 1383f5c1771e245b1be91b429170732e,
        type: 3}
      propertyPath: m_AnchorMin.y
      value: 0
      objectReference: {fileID: 0}
    - target: {fileID: 5673048354946820547, guid: 1383f5c1771e245b1be91b429170732e,
        type: 3}
      propertyPath: m_AnchorMax.y
      value: 0
      objectReference: {fileID: 0}
    - target: {fileID: 5673048354946820547, guid: 1383f5c1771e245b1be91b429170732e,
        type: 3}
      propertyPath: m_AnchoredPosition.x
      value: 0
      objectReference: {fileID: 0}
    - target: {fileID: 5673048354946820547, guid: 1383f5c1771e245b1be91b429170732e,
        type: 3}
      propertyPath: m_AnchoredPosition.y
      value: 0
      objectReference: {fileID: 0}
    - target: {fileID: 5673048354946820547, guid: 1383f5c1771e245b1be91b429170732e,
        type: 3}
      propertyPath: m_SizeDelta.x
      value: 0
      objectReference: {fileID: 0}
    - target: {fileID: 5673048354946820547, guid: 1383f5c1771e245b1be91b429170732e,
        type: 3}
      propertyPath: m_SizeDelta.y
      value: 0
      objectReference: {fileID: 0}
    - target: {fileID: 5673048354946820554, guid: 1383f5c1771e245b1be91b429170732e,
        type: 3}
      propertyPath: m_AnchorMin.y
      value: 0
      objectReference: {fileID: 0}
    - target: {fileID: 5673048354946820554, guid: 1383f5c1771e245b1be91b429170732e,
        type: 3}
      propertyPath: m_AnchorMax.y
      value: 0
      objectReference: {fileID: 0}
    - target: {fileID: 5673048354946820554, guid: 1383f5c1771e245b1be91b429170732e,
        type: 3}
      propertyPath: m_AnchoredPosition.x
      value: 0
      objectReference: {fileID: 0}
    - target: {fileID: 5673048354946820554, guid: 1383f5c1771e245b1be91b429170732e,
        type: 3}
      propertyPath: m_AnchoredPosition.y
      value: 0
      objectReference: {fileID: 0}
    - target: {fileID: 5673048354946820554, guid: 1383f5c1771e245b1be91b429170732e,
        type: 3}
      propertyPath: m_SizeDelta.x
      value: 0
      objectReference: {fileID: 0}
    - target: {fileID: 5673048354946820554, guid: 1383f5c1771e245b1be91b429170732e,
        type: 3}
      propertyPath: m_SizeDelta.y
      value: 0
      objectReference: {fileID: 0}
    m_RemovedComponents: []
  m_SourcePrefab: {fileID: 100100000, guid: 1383f5c1771e245b1be91b429170732e, type: 3}
--- !u!4 &583 stripped
Transform:
  m_CorrespondingSourceObject: {fileID: 5673048354946821418, guid: 1383f5c1771e245b1be91b429170732e,
    type: 3}
  m_PrefabInstance: {fileID: 5673048354946821997}
  m_PrefabAsset: {fileID: 0}
--- !u!1001 &6225166911533336046
PrefabInstance:
  m_ObjectHideFlags: 0
  serializedVersion: 2
  m_Modification:
    m_TransformParent: {fileID: 962451792813862200}
    m_Modifications:
    - target: {fileID: 843, guid: da0a3b67e00544dedb142fa474570d99, type: 3}
      propertyPath: m_LocalPosition.x
      value: -1
      objectReference: {fileID: 0}
    - target: {fileID: 843, guid: da0a3b67e00544dedb142fa474570d99, type: 3}
      propertyPath: m_LocalPosition.y
      value: 0.869
      objectReference: {fileID: 0}
    - target: {fileID: 843, guid: da0a3b67e00544dedb142fa474570d99, type: 3}
      propertyPath: m_LocalPosition.z
      value: 0
      objectReference: {fileID: 0}
    - target: {fileID: 843, guid: da0a3b67e00544dedb142fa474570d99, type: 3}
      propertyPath: m_LocalRotation.x
      value: -0
      objectReference: {fileID: 0}
    - target: {fileID: 843, guid: da0a3b67e00544dedb142fa474570d99, type: 3}
      propertyPath: m_LocalRotation.y
      value: 0.7071069
      objectReference: {fileID: 0}
    - target: {fileID: 843, guid: da0a3b67e00544dedb142fa474570d99, type: 3}
      propertyPath: m_LocalRotation.z
      value: -0
      objectReference: {fileID: 0}
    - target: {fileID: 843, guid: da0a3b67e00544dedb142fa474570d99, type: 3}
      propertyPath: m_LocalRotation.w
      value: -0.70710677
      objectReference: {fileID: 0}
    - target: {fileID: 843, guid: da0a3b67e00544dedb142fa474570d99, type: 3}
      propertyPath: m_RootOrder
      value: 13
      objectReference: {fileID: 0}
    - target: {fileID: 843, guid: da0a3b67e00544dedb142fa474570d99, type: 3}
      propertyPath: m_LocalEulerAnglesHint.x
      value: 0
      objectReference: {fileID: 0}
    - target: {fileID: 843, guid: da0a3b67e00544dedb142fa474570d99, type: 3}
      propertyPath: m_LocalEulerAnglesHint.y
      value: 270
      objectReference: {fileID: 0}
    - target: {fileID: 843, guid: da0a3b67e00544dedb142fa474570d99, type: 3}
      propertyPath: m_LocalEulerAnglesHint.z
      value: 0
      objectReference: {fileID: 0}
    - target: {fileID: 294, guid: da0a3b67e00544dedb142fa474570d99, type: 3}
      propertyPath: m_Name
      value: cube-corner-roof
      objectReference: {fileID: 0}
    - target: {fileID: 1855, guid: da0a3b67e00544dedb142fa474570d99, type: 3}
      propertyPath: id
      value: 688162
      objectReference: {fileID: 0}
    - target: {fileID: 796, guid: da0a3b67e00544dedb142fa474570d99, type: 3}
      propertyPath: m_LocalPosition.y
      value: -0.5
      objectReference: {fileID: 0}
    - target: {fileID: 1424, guid: da0a3b67e00544dedb142fa474570d99, type: 3}
      propertyPath: m_Size.y
      value: 2
      objectReference: {fileID: 0}
    m_RemovedComponents: []
  m_SourcePrefab: {fileID: 100100000, guid: da0a3b67e00544dedb142fa474570d99, type: 3}
--- !u!4 &6225166911533336229 stripped
Transform:
  m_CorrespondingSourceObject: {fileID: 843, guid: da0a3b67e00544dedb142fa474570d99,
    type: 3}
  m_PrefabInstance: {fileID: 6225166911533336046}
  m_PrefabAsset: {fileID: 0}
--- !u!1001 &6739644598923703241
PrefabInstance:
  m_ObjectHideFlags: 0
  serializedVersion: 2
  m_Modification:
    m_TransformParent: {fileID: 962451792813862200}
    m_Modifications:
    - target: {fileID: 843, guid: da0a3b67e00544dedb142fa474570d99, type: 3}
      propertyPath: m_LocalPosition.x
      value: -1
      objectReference: {fileID: 0}
    - target: {fileID: 843, guid: da0a3b67e00544dedb142fa474570d99, type: 3}
      propertyPath: m_LocalPosition.y
      value: 0.869
      objectReference: {fileID: 0}
    - target: {fileID: 843, guid: da0a3b67e00544dedb142fa474570d99, type: 3}
      propertyPath: m_LocalPosition.z
      value: 1
      objectReference: {fileID: 0}
    - target: {fileID: 843, guid: da0a3b67e00544dedb142fa474570d99, type: 3}
      propertyPath: m_LocalRotation.x
      value: -0
      objectReference: {fileID: 0}
    - target: {fileID: 843, guid: da0a3b67e00544dedb142fa474570d99, type: 3}
      propertyPath: m_LocalRotation.y
      value: -0
      objectReference: {fileID: 0}
    - target: {fileID: 843, guid: da0a3b67e00544dedb142fa474570d99, type: 3}
      propertyPath: m_LocalRotation.z
      value: -0
      objectReference: {fileID: 0}
    - target: {fileID: 843, guid: da0a3b67e00544dedb142fa474570d99, type: 3}
      propertyPath: m_LocalRotation.w
      value: 1
      objectReference: {fileID: 0}
    - target: {fileID: 843, guid: da0a3b67e00544dedb142fa474570d99, type: 3}
      propertyPath: m_RootOrder
      value: 10
      objectReference: {fileID: 0}
    - target: {fileID: 843, guid: da0a3b67e00544dedb142fa474570d99, type: 3}
      propertyPath: m_LocalEulerAnglesHint.x
      value: 0
      objectReference: {fileID: 0}
    - target: {fileID: 843, guid: da0a3b67e00544dedb142fa474570d99, type: 3}
      propertyPath: m_LocalEulerAnglesHint.y
      value: 0
      objectReference: {fileID: 0}
    - target: {fileID: 843, guid: da0a3b67e00544dedb142fa474570d99, type: 3}
      propertyPath: m_LocalEulerAnglesHint.z
      value: 0
      objectReference: {fileID: 0}
    - target: {fileID: 294, guid: da0a3b67e00544dedb142fa474570d99, type: 3}
      propertyPath: m_Name
      value: cube-corner-roof
      objectReference: {fileID: 0}
    - target: {fileID: 1855, guid: da0a3b67e00544dedb142fa474570d99, type: 3}
      propertyPath: id
      value: 688161
      objectReference: {fileID: 0}
    - target: {fileID: 796, guid: da0a3b67e00544dedb142fa474570d99, type: 3}
      propertyPath: m_LocalPosition.y
      value: -0.5
      objectReference: {fileID: 0}
    - target: {fileID: 1424, guid: da0a3b67e00544dedb142fa474570d99, type: 3}
      propertyPath: m_Size.y
      value: 2
      objectReference: {fileID: 0}
    m_RemovedComponents: []
  m_SourcePrefab: {fileID: 100100000, guid: da0a3b67e00544dedb142fa474570d99, type: 3}
--- !u!4 &6739644598923702402 stripped
Transform:
  m_CorrespondingSourceObject: {fileID: 843, guid: da0a3b67e00544dedb142fa474570d99,
    type: 3}
  m_PrefabInstance: {fileID: 6739644598923703241}
  m_PrefabAsset: {fileID: 0}
--- !u!1001 &7472950632047876169
PrefabInstance:
  m_ObjectHideFlags: 0
  serializedVersion: 2
  m_Modification:
    m_TransformParent: {fileID: 962451792813862200}
    m_Modifications:
    - target: {fileID: 287, guid: 2706db4908e53409caf5b02e084b8d00, type: 3}
      propertyPath: m_Name
      value: cube-door
      objectReference: {fileID: 0}
    - target: {fileID: 836, guid: 2706db4908e53409caf5b02e084b8d00, type: 3}
      propertyPath: m_LocalPosition.x
      value: 0
      objectReference: {fileID: 0}
    - target: {fileID: 836, guid: 2706db4908e53409caf5b02e084b8d00, type: 3}
      propertyPath: m_LocalPosition.y
      value: 0
      objectReference: {fileID: 0}
    - target: {fileID: 836, guid: 2706db4908e53409caf5b02e084b8d00, type: 3}
      propertyPath: m_LocalPosition.z
      value: 0
      objectReference: {fileID: 0}
    - target: {fileID: 836, guid: 2706db4908e53409caf5b02e084b8d00, type: 3}
      propertyPath: m_LocalRotation.x
      value: 0
      objectReference: {fileID: 0}
    - target: {fileID: 836, guid: 2706db4908e53409caf5b02e084b8d00, type: 3}
      propertyPath: m_LocalRotation.y
      value: 1
      objectReference: {fileID: 0}
    - target: {fileID: 836, guid: 2706db4908e53409caf5b02e084b8d00, type: 3}
      propertyPath: m_LocalRotation.z
      value: 0
      objectReference: {fileID: 0}
    - target: {fileID: 836, guid: 2706db4908e53409caf5b02e084b8d00, type: 3}
      propertyPath: m_LocalRotation.w
      value: 0
      objectReference: {fileID: 0}
    - target: {fileID: 836, guid: 2706db4908e53409caf5b02e084b8d00, type: 3}
      propertyPath: m_RootOrder
      value: 1
      objectReference: {fileID: 0}
    - target: {fileID: 836, guid: 2706db4908e53409caf5b02e084b8d00, type: 3}
      propertyPath: m_LocalEulerAnglesHint.x
      value: 0
      objectReference: {fileID: 0}
    - target: {fileID: 836, guid: 2706db4908e53409caf5b02e084b8d00, type: 3}
      propertyPath: m_LocalEulerAnglesHint.y
      value: 180
      objectReference: {fileID: 0}
    - target: {fileID: 836, guid: 2706db4908e53409caf5b02e084b8d00, type: 3}
      propertyPath: m_LocalEulerAnglesHint.z
      value: 0
      objectReference: {fileID: 0}
    - target: {fileID: 2006, guid: 2706db4908e53409caf5b02e084b8d00, type: 3}
      propertyPath: id
      value: 688160
      objectReference: {fileID: 0}
    m_RemovedComponents: []
  m_SourcePrefab: {fileID: 100100000, guid: 2706db4908e53409caf5b02e084b8d00, type: 3}
--- !u!4 &7472950632047876877 stripped
Transform:
  m_CorrespondingSourceObject: {fileID: 836, guid: 2706db4908e53409caf5b02e084b8d00,
    type: 3}
  m_PrefabInstance: {fileID: 7472950632047876169}
  m_PrefabAsset: {fileID: 0}
--- !u!1001 &7705740741481999269
PrefabInstance:
  m_ObjectHideFlags: 0
  serializedVersion: 2
  m_Modification:
    m_TransformParent: {fileID: 962451792813862200}
    m_Modifications:
    - target: {fileID: 267, guid: 7fcdd2900ca69421eb2acade3ff32cb5, type: 3}
      propertyPath: m_Name
      value: inside-wall-light-1
      objectReference: {fileID: 0}
    - target: {fileID: 664, guid: 7fcdd2900ca69421eb2acade3ff32cb5, type: 3}
      propertyPath: m_LocalPosition.x
      value: 1.02
      objectReference: {fileID: 0}
    - target: {fileID: 664, guid: 7fcdd2900ca69421eb2acade3ff32cb5, type: 3}
      propertyPath: m_LocalPosition.y
      value: 0
      objectReference: {fileID: 0}
    - target: {fileID: 664, guid: 7fcdd2900ca69421eb2acade3ff32cb5, type: 3}
      propertyPath: m_LocalPosition.z
      value: 1
      objectReference: {fileID: 0}
    - target: {fileID: 664, guid: 7fcdd2900ca69421eb2acade3ff32cb5, type: 3}
      propertyPath: m_LocalRotation.x
      value: 0
      objectReference: {fileID: 0}
    - target: {fileID: 664, guid: 7fcdd2900ca69421eb2acade3ff32cb5, type: 3}
      propertyPath: m_LocalRotation.y
      value: 0
      objectReference: {fileID: 0}
    - target: {fileID: 664, guid: 7fcdd2900ca69421eb2acade3ff32cb5, type: 3}
      propertyPath: m_LocalRotation.z
      value: 0
      objectReference: {fileID: 0}
    - target: {fileID: 664, guid: 7fcdd2900ca69421eb2acade3ff32cb5, type: 3}
      propertyPath: m_LocalRotation.w
      value: 1
      objectReference: {fileID: 0}
    - target: {fileID: 664, guid: 7fcdd2900ca69421eb2acade3ff32cb5, type: 3}
      propertyPath: m_RootOrder
      value: 22
      objectReference: {fileID: 0}
    - target: {fileID: 664, guid: 7fcdd2900ca69421eb2acade3ff32cb5, type: 3}
      propertyPath: m_LocalEulerAnglesHint.x
      value: 0
      objectReference: {fileID: 0}
    - target: {fileID: 664, guid: 7fcdd2900ca69421eb2acade3ff32cb5, type: 3}
      propertyPath: m_LocalEulerAnglesHint.y
      value: 0
      objectReference: {fileID: 0}
    - target: {fileID: 664, guid: 7fcdd2900ca69421eb2acade3ff32cb5, type: 3}
      propertyPath: m_LocalEulerAnglesHint.z
      value: 0
      objectReference: {fileID: 0}
    - target: {fileID: 1914, guid: 7fcdd2900ca69421eb2acade3ff32cb5, type: 3}
      propertyPath: id
      value: 688163
      objectReference: {fileID: 0}
    m_RemovedComponents: []
  m_SourcePrefab: {fileID: 100100000, guid: 7fcdd2900ca69421eb2acade3ff32cb5, type: 3}
--- !u!4 &7705740741481998653 stripped
Transform:
  m_CorrespondingSourceObject: {fileID: 664, guid: 7fcdd2900ca69421eb2acade3ff32cb5,
    type: 3}
  m_PrefabInstance: {fileID: 7705740741481999269}
  m_PrefabAsset: {fileID: 0}
--- !u!1001 &7750130362444430759
PrefabInstance:
  m_ObjectHideFlags: 0
  serializedVersion: 2
  m_Modification:
    m_TransformParent: {fileID: 962451792813862200}
    m_Modifications:
    - target: {fileID: 840, guid: 9ac7cb5eb93de493a9fcfa8a1a6afad6, type: 3}
      propertyPath: m_LocalPosition.x
      value: 0
      objectReference: {fileID: 0}
    - target: {fileID: 840, guid: 9ac7cb5eb93de493a9fcfa8a1a6afad6, type: 3}
      propertyPath: m_LocalPosition.y
      value: 0.805
      objectReference: {fileID: 0}
    - target: {fileID: 840, guid: 9ac7cb5eb93de493a9fcfa8a1a6afad6, type: 3}
      propertyPath: m_LocalPosition.z
      value: 0
      objectReference: {fileID: 0}
    - target: {fileID: 840, guid: 9ac7cb5eb93de493a9fcfa8a1a6afad6, type: 3}
      propertyPath: m_LocalRotation.x
      value: -0
      objectReference: {fileID: 0}
    - target: {fileID: 840, guid: 9ac7cb5eb93de493a9fcfa8a1a6afad6, type: 3}
      propertyPath: m_LocalRotation.y
      value: 1
      objectReference: {fileID: 0}
    - target: {fileID: 840, guid: 9ac7cb5eb93de493a9fcfa8a1a6afad6, type: 3}
      propertyPath: m_LocalRotation.z
      value: -0
      objectReference: {fileID: 0}
    - target: {fileID: 840, guid: 9ac7cb5eb93de493a9fcfa8a1a6afad6, type: 3}
      propertyPath: m_LocalRotation.w
      value: 0
      objectReference: {fileID: 0}
    - target: {fileID: 840, guid: 9ac7cb5eb93de493a9fcfa8a1a6afad6, type: 3}
      propertyPath: m_RootOrder
      value: 20
      objectReference: {fileID: 0}
    - target: {fileID: 840, guid: 9ac7cb5eb93de493a9fcfa8a1a6afad6, type: 3}
      propertyPath: m_LocalEulerAnglesHint.x
      value: 0
      objectReference: {fileID: 0}
    - target: {fileID: 840, guid: 9ac7cb5eb93de493a9fcfa8a1a6afad6, type: 3}
      propertyPath: m_LocalEulerAnglesHint.y
      value: 180.00002
      objectReference: {fileID: 0}
    - target: {fileID: 840, guid: 9ac7cb5eb93de493a9fcfa8a1a6afad6, type: 3}
      propertyPath: m_LocalEulerAnglesHint.z
      value: 0
      objectReference: {fileID: 0}
    - target: {fileID: 840, guid: 9ac7cb5eb93de493a9fcfa8a1a6afad6, type: 3}
      propertyPath: m_LocalScale.y
      value: 1
      objectReference: {fileID: 0}
    - target: {fileID: 291, guid: 9ac7cb5eb93de493a9fcfa8a1a6afad6, type: 3}
      propertyPath: m_Name
      value: cube-side
      objectReference: {fileID: 0}
    - target: {fileID: 2179, guid: 9ac7cb5eb93de493a9fcfa8a1a6afad6, type: 3}
      propertyPath: id
      value: 688165
      objectReference: {fileID: 0}
    - target: {fileID: 1397, guid: 9ac7cb5eb93de493a9fcfa8a1a6afad6, type: 3}
      propertyPath: m_Center.y
      value: 0.5
      objectReference: {fileID: 0}
    - target: {fileID: 1397, guid: 9ac7cb5eb93de493a9fcfa8a1a6afad6, type: 3}
      propertyPath: m_Size.y
      value: 1
      objectReference: {fileID: 0}
    m_RemovedComponents: []
  m_SourcePrefab: {fileID: 100100000, guid: 9ac7cb5eb93de493a9fcfa8a1a6afad6, type: 3}
--- !u!4 &7750130362444431087 stripped
Transform:
  m_CorrespondingSourceObject: {fileID: 840, guid: 9ac7cb5eb93de493a9fcfa8a1a6afad6,
    type: 3}
  m_PrefabInstance: {fileID: 7750130362444430759}
  m_PrefabAsset: {fileID: 0}
--- !u!1001 &8121032421671197441
PrefabInstance:
  m_ObjectHideFlags: 0
  serializedVersion: 2
  m_Modification:
    m_TransformParent: {fileID: 962451792813862200}
    m_Modifications:
    - target: {fileID: 840, guid: 9ac7cb5eb93de493a9fcfa8a1a6afad6, type: 3}
      propertyPath: m_LocalPosition.x
      value: 1
      objectReference: {fileID: 0}
    - target: {fileID: 840, guid: 9ac7cb5eb93de493a9fcfa8a1a6afad6, type: 3}
      propertyPath: m_LocalPosition.y
      value: 0
      objectReference: {fileID: 0}
    - target: {fileID: 840, guid: 9ac7cb5eb93de493a9fcfa8a1a6afad6, type: 3}
      propertyPath: m_LocalPosition.z
      value: 0
      objectReference: {fileID: 0}
    - target: {fileID: 840, guid: 9ac7cb5eb93de493a9fcfa8a1a6afad6, type: 3}
      propertyPath: m_LocalRotation.x
      value: -0
      objectReference: {fileID: 0}
    - target: {fileID: 840, guid: 9ac7cb5eb93de493a9fcfa8a1a6afad6, type: 3}
      propertyPath: m_LocalRotation.y
      value: 0.70710695
      objectReference: {fileID: 0}
    - target: {fileID: 840, guid: 9ac7cb5eb93de493a9fcfa8a1a6afad6, type: 3}
      propertyPath: m_LocalRotation.z
      value: -0
      objectReference: {fileID: 0}
    - target: {fileID: 840, guid: 9ac7cb5eb93de493a9fcfa8a1a6afad6, type: 3}
      propertyPath: m_LocalRotation.w
      value: 0.70710665
      objectReference: {fileID: 0}
    - target: {fileID: 840, guid: 9ac7cb5eb93de493a9fcfa8a1a6afad6, type: 3}
      propertyPath: m_RootOrder
      value: 6
      objectReference: {fileID: 0}
    - target: {fileID: 840, guid: 9ac7cb5eb93de493a9fcfa8a1a6afad6, type: 3}
      propertyPath: m_LocalEulerAnglesHint.x
      value: 0
      objectReference: {fileID: 0}
    - target: {fileID: 840, guid: 9ac7cb5eb93de493a9fcfa8a1a6afad6, type: 3}
      propertyPath: m_LocalEulerAnglesHint.y
      value: 90.00001
      objectReference: {fileID: 0}
    - target: {fileID: 840, guid: 9ac7cb5eb93de493a9fcfa8a1a6afad6, type: 3}
      propertyPath: m_LocalEulerAnglesHint.z
      value: 0
      objectReference: {fileID: 0}
    - target: {fileID: 840, guid: 9ac7cb5eb93de493a9fcfa8a1a6afad6, type: 3}
      propertyPath: m_LocalScale.y
      value: 2
      objectReference: {fileID: 0}
    - target: {fileID: 291, guid: 9ac7cb5eb93de493a9fcfa8a1a6afad6, type: 3}
      propertyPath: m_Name
      value: cube-side
      objectReference: {fileID: 0}
    - target: {fileID: 2179, guid: 9ac7cb5eb93de493a9fcfa8a1a6afad6, type: 3}
      propertyPath: id
      value: 688159
      objectReference: {fileID: 0}
    - target: {fileID: 1397, guid: 9ac7cb5eb93de493a9fcfa8a1a6afad6, type: 3}
      propertyPath: m_Center.y
      value: 0.5
      objectReference: {fileID: 0}
    - target: {fileID: 1397, guid: 9ac7cb5eb93de493a9fcfa8a1a6afad6, type: 3}
      propertyPath: m_Size.y
      value: 1
      objectReference: {fileID: 0}
    m_RemovedComponents: []
  m_SourcePrefab: {fileID: 100100000, guid: 9ac7cb5eb93de493a9fcfa8a1a6afad6, type: 3}
--- !u!4 &8121032421671196745 stripped
Transform:
  m_CorrespondingSourceObject: {fileID: 840, guid: 9ac7cb5eb93de493a9fcfa8a1a6afad6,
    type: 3}
  m_PrefabInstance: {fileID: 8121032421671197441}
  m_PrefabAsset: {fileID: 0}
--- !u!1001 &9016475686129176592
PrefabInstance:
  m_ObjectHideFlags: 0
  serializedVersion: 2
  m_Modification:
    m_TransformParent: {fileID: 962451792813862200}
    m_Modifications:
    - target: {fileID: 324, guid: 2f8c1e886cfd34f8cb607e870b5cc5e8, type: 3}
      propertyPath: m_Name
      value: pile-wood
      objectReference: {fileID: 0}
    - target: {fileID: 704, guid: 2f8c1e886cfd34f8cb607e870b5cc5e8, type: 3}
      propertyPath: m_LocalPosition.x
      value: -0.956
      objectReference: {fileID: 0}
    - target: {fileID: 704, guid: 2f8c1e886cfd34f8cb607e870b5cc5e8, type: 3}
      propertyPath: m_LocalPosition.y
      value: 0
      objectReference: {fileID: 0}
    - target: {fileID: 704, guid: 2f8c1e886cfd34f8cb607e870b5cc5e8, type: 3}
      propertyPath: m_LocalPosition.z
      value: 0.056
      objectReference: {fileID: 0}
    - target: {fileID: 704, guid: 2f8c1e886cfd34f8cb607e870b5cc5e8, type: 3}
      propertyPath: m_LocalRotation.x
      value: -0
      objectReference: {fileID: 0}
    - target: {fileID: 704, guid: 2f8c1e886cfd34f8cb607e870b5cc5e8, type: 3}
      propertyPath: m_LocalRotation.y
      value: -0.052003294
      objectReference: {fileID: 0}
    - target: {fileID: 704, guid: 2f8c1e886cfd34f8cb607e870b5cc5e8, type: 3}
      propertyPath: m_LocalRotation.z
      value: -0
      objectReference: {fileID: 0}
    - target: {fileID: 704, guid: 2f8c1e886cfd34f8cb607e870b5cc5e8, type: 3}
      propertyPath: m_LocalRotation.w
      value: 0.9986469
      objectReference: {fileID: 0}
    - target: {fileID: 704, guid: 2f8c1e886cfd34f8cb607e870b5cc5e8, type: 3}
      propertyPath: m_RootOrder
      value: 18
      objectReference: {fileID: 0}
    - target: {fileID: 704, guid: 2f8c1e886cfd34f8cb607e870b5cc5e8, type: 3}
      propertyPath: m_LocalEulerAnglesHint.x
      value: 0
      objectReference: {fileID: 0}
    - target: {fileID: 704, guid: 2f8c1e886cfd34f8cb607e870b5cc5e8, type: 3}
      propertyPath: m_LocalEulerAnglesHint.y
      value: -2.9810002
      objectReference: {fileID: 0}
    - target: {fileID: 704, guid: 2f8c1e886cfd34f8cb607e870b5cc5e8, type: 3}
      propertyPath: m_LocalEulerAnglesHint.z
      value: 0
      objectReference: {fileID: 0}
    - target: {fileID: 1982, guid: 2f8c1e886cfd34f8cb607e870b5cc5e8, type: 3}
      propertyPath: mount.Array.data[0].pos.x
      value: -0.1270894
      objectReference: {fileID: 0}
    - target: {fileID: 1982, guid: 2f8c1e886cfd34f8cb607e870b5cc5e8, type: 3}
      propertyPath: mount.Array.data[0].pos.z
      value: -0.0052927085
      objectReference: {fileID: 0}
    - target: {fileID: 1982, guid: 2f8c1e886cfd34f8cb607e870b5cc5e8, type: 3}
      propertyPath: mount.Array.data[1].pos.x
      value: 0.0041971365
      objectReference: {fileID: 0}
    - target: {fileID: 1982, guid: 2f8c1e886cfd34f8cb607e870b5cc5e8, type: 3}
      propertyPath: mount.Array.data[1].pos.z
      value: 0.0037871422
      objectReference: {fileID: 0}
    - target: {fileID: 1982, guid: 2f8c1e886cfd34f8cb607e870b5cc5e8, type: 3}
      propertyPath: mount.Array.data[2].pos.x
      value: 0.12985376
      objectReference: {fileID: 0}
    - target: {fileID: 1982, guid: 2f8c1e886cfd34f8cb607e870b5cc5e8, type: 3}
      propertyPath: mount.Array.data[2].pos.z
      value: -0.0009989331
      objectReference: {fileID: 0}
    - target: {fileID: 1982, guid: 2f8c1e886cfd34f8cb607e870b5cc5e8, type: 3}
      propertyPath: mount.Array.data[3].pos.z
      value: 0.0018950425
      objectReference: {fileID: 0}
    - target: {fileID: 1982, guid: 2f8c1e886cfd34f8cb607e870b5cc5e8, type: 3}
      propertyPath: mount.Array.data[4].pos.x
      value: 0.061958496
      objectReference: {fileID: 0}
    - target: {fileID: 1982, guid: 2f8c1e886cfd34f8cb607e870b5cc5e8, type: 3}
      propertyPath: mount.Array.data[4].pos.z
      value: -0.0008930433
      objectReference: {fileID: 0}
    - target: {fileID: 1982, guid: 2f8c1e886cfd34f8cb607e870b5cc5e8, type: 3}
      propertyPath: mount.Array.data[5].pos.x
      value: -0.00042572783
      objectReference: {fileID: 0}
    - target: {fileID: 1982, guid: 2f8c1e886cfd34f8cb607e870b5cc5e8, type: 3}
      propertyPath: mount.Array.data[5].pos.z
      value: -0.0006340608
      objectReference: {fileID: 0}
    - target: {fileID: 1982, guid: 2f8c1e886cfd34f8cb607e870b5cc5e8, type: 3}
      propertyPath: mount.Array.data[3].pos.x
      value: -0.068759926
      objectReference: {fileID: 0}
    - target: {fileID: 2445, guid: 2f8c1e886cfd34f8cb607e870b5cc5e8, type: 3}
      propertyPath: id
      value: 688158
      objectReference: {fileID: 0}
    m_RemovedComponents: []
  m_SourcePrefab: {fileID: 100100000, guid: 2f8c1e886cfd34f8cb607e870b5cc5e8, type: 3}
--- !u!4 &9016475686129177296 stripped
Transform:
  m_CorrespondingSourceObject: {fileID: 704, guid: 2f8c1e886cfd34f8cb607e870b5cc5e8,
    type: 3}
  m_PrefabInstance: {fileID: 9016475686129176592}
  m_PrefabAsset: {fileID: 0}
