%YAML 1.1
%TAG !u! tag:unity3d.com,2011:
--- !u!1001 &8692512550644956340
PrefabInstance:
  m_ObjectHideFlags: 0
  serializedVersion: 2
  m_Modification:
    m_TransformParent: {fileID: 0}
    m_Modifications:
    - target: {fileID: 349, guid: 2621c9e3edcb54821a9584abaa7c7d56, type: 3}
      propertyPath: m_Name
      value: Character human-blue-peasant
      objectReference: {fileID: 0}
    - target: {fileID: 465, guid: 2621c9e3edcb54821a9584abaa7c7d56, type: 3}
      propertyPath: m_LocalPosition.x
      value: 0
      objectReference: {fileID: 0}
    - target: {fileID: 465, guid: 2621c9e3edcb54821a9584abaa7c7d56, type: 3}
      propertyPath: m_LocalPosition.y
      value: 0.12
      objectReference: {fileID: 0}
    - target: {fileID: 465, guid: 2621c9e3edcb54821a9584abaa7c7d56, type: 3}
      propertyPath: m_LocalPosition.z
      value: 0
      objectReference: {fileID: 0}
    - target: {fileID: 465, guid: 2621c9e3edcb54821a9584abaa7c7d56, type: 3}
      propertyPath: m_LocalRotation.x
      value: 0
      objectReference: {fileID: 0}
    - target: {fileID: 465, guid: 2621c9e3edcb54821a9584abaa7c7d56, type: 3}
      propertyPath: m_LocalRotation.y
      value: 0
      objectReference: {fileID: 0}
    - target: {fileID: 465, guid: 2621c9e3edcb54821a9584abaa7c7d56, type: 3}
      propertyPath: m_LocalRotation.z
      value: 0
      objectReference: {fileID: 0}
    - target: {fileID: 465, guid: 2621c9e3edcb54821a9584abaa7c7d56, type: 3}
      propertyPath: m_LocalRotation.w
      value: 1
      objectReference: {fileID: 0}
    - target: {fileID: 465, guid: 2621c9e3edcb54821a9584abaa7c7d56, type: 3}
      propertyPath: m_RootOrder
      value: 0
      objectReference: {fileID: 0}
    - target: {fileID: 465, guid: 2621c9e3edcb54821a9584abaa7c7d56, type: 3}
      propertyPath: m_LocalEulerAnglesHint.x
      value: 0
      objectReference: {fileID: 0}
    - target: {fileID: 465, guid: 2621c9e3edcb54821a9584abaa7c7d56, type: 3}
      propertyPath: m_LocalEulerAnglesHint.y
      value: 0
      objectReference: {fileID: 0}
    - target: {fileID: 465, guid: 2621c9e3edcb54821a9584abaa7c7d56, type: 3}
      propertyPath: m_LocalEulerAnglesHint.z
      value: 0
      objectReference: {fileID: 0}
    - target: {fileID: 853, guid: 2621c9e3edcb54821a9584abaa7c7d56, type: 3}
      propertyPath: IdentityName
      value: peasant
      objectReference: {fileID: 0}
    - target: {fileID: 853, guid: 2621c9e3edcb54821a9584abaa7c7d56, type: 3}
      propertyPath: TeamName
      value: blue
      objectReference: {fileID: 0}
    - target: {fileID: 853, guid: 2621c9e3edcb54821a9584abaa7c7d56, type: 3}
      propertyPath: speechTextMesh
      value: 
      objectReference: {fileID: 8692512550644957118}
    - target: {fileID: 853, guid: 2621c9e3edcb54821a9584abaa7c7d56, type: 3}
      propertyPath: textRenderer
      value: 
      objectReference: {fileID: 8692512550644956900}
    - target: {fileID: 853, guid: 2621c9e3edcb54821a9584abaa7c7d56, type: 3}
      propertyPath: speechTimeout
      value: 
      objectReference: {fileID: 8692512550644957151}
    - target: {fileID: 853, guid: 2621c9e3edcb54821a9584abaa7c7d56, type: 3}
      propertyPath: FaceAnim
      value: 
      objectReference: {fileID: 8692512550644956985}
    - target: {fileID: 853, guid: 2621c9e3edcb54821a9584abaa7c7d56, type: 3}
      propertyPath: healthBar
      value: 
      objectReference: {fileID: 8692512550644957131}
    - target: {fileID: 853, guid: 2621c9e3edcb54821a9584abaa7c7d56, type: 3}
      propertyPath: killBar
      value: 
      objectReference: {fileID: 8692512550644957130}
    - target: {fileID: 853, guid: 2621c9e3edcb54821a9584abaa7c7d56, type: 3}
      propertyPath: StaminaBar
      value: 
      objectReference: {fileID: 8692512550644957125}
    - target: {fileID: 853, guid: 2621c9e3edcb54821a9584abaa7c7d56, type: 3}
      propertyPath: tags
      value: 
      objectReference: {fileID: 8692512550644957166}
    - target: {fileID: 853, guid: 2621c9e3edcb54821a9584abaa7c7d56, type: 3}
      propertyPath: body
      value: 
      objectReference: {fileID: 8692512550644956672}
    - target: {fileID: 853, guid: 2621c9e3edcb54821a9584abaa7c7d56, type: 3}
      propertyPath: myRenderer
      value: 
      objectReference: {fileID: 8692512550644956927}
    - target: {fileID: 853, guid: 2621c9e3edcb54821a9584abaa7c7d56, type: 3}
      propertyPath: moveTransform
      value: 
      objectReference: {fileID: 8692512550644956517}
    - target: {fileID: 853, guid: 2621c9e3edcb54821a9584abaa7c7d56, type: 3}
      propertyPath: billboard
      value: 
      objectReference: {fileID: 8692512550644957152}
    - target: {fileID: 853, guid: 2621c9e3edcb54821a9584abaa7c7d56, type: 3}
      propertyPath: walk
      value: 
      objectReference: {fileID: 8692512550644957154}
    - target: {fileID: 853, guid: 2621c9e3edcb54821a9584abaa7c7d56, type: 3}
      propertyPath: audioSource
      value: 
      objectReference: {fileID: 8692512550644957105}
    - target: {fileID: 853, guid: 2621c9e3edcb54821a9584abaa7c7d56, type: 3}
      propertyPath: ball
      value: 
      objectReference: {fileID: 8692512550644957155}
    - target: {fileID: 853, guid: 2621c9e3edcb54821a9584abaa7c7d56, type: 3}
      propertyPath: colorPulse
      value: 
      objectReference: {fileID: 8692512550644956990}
    - target: {fileID: 853, guid: 2621c9e3edcb54821a9584abaa7c7d56, type: 3}
      propertyPath: JabberPlayer
      value: 
      objectReference: {fileID: 8692512550644957150}
    - target: {fileID: 853, guid: 2621c9e3edcb54821a9584abaa7c7d56, type: 3}
      propertyPath: RightHandMount
      value: 
      objectReference: {fileID: 8692512550644956513}
    - target: {fileID: 853, guid: 2621c9e3edcb54821a9584abaa7c7d56, type: 3}
      propertyPath: RightHandItemMount
      value: 
      objectReference: {fileID: 8692512550644956508}
    - target: {fileID: 853, guid: 2621c9e3edcb54821a9584abaa7c7d56, type: 3}
      propertyPath: LeftHandItemMount
      value: 
      objectReference: {fileID: 8692512550644956519}
    - target: {fileID: 853, guid: 2621c9e3edcb54821a9584abaa7c7d56, type: 3}
      propertyPath: Vocation
      value: 
      objectReference: {fileID: 11400000, guid: cbb5c06b1395f4f459729a423457be0f,
        type: 2}
    - target: {fileID: 853, guid: 2621c9e3edcb54821a9584abaa7c7d56, type: 3}
      propertyPath: DeadBodyPrefab
      value: 
      objectReference: {fileID: 361, guid: 0c11c0bdf36f44730a16e9fbbd7dd639, type: 3}
    - target: {fileID: 853, guid: 2621c9e3edcb54821a9584abaa7c7d56, type: 3}
      propertyPath: CanAge
      value: 0
      objectReference: {fileID: 0}
    - target: {fileID: 853, guid: 2621c9e3edcb54821a9584abaa7c7d56, type: 3}
      propertyPath: AgeMaxSeconds
      value: 1
      objectReference: {fileID: 0}
    - target: {fileID: 853, guid: 2621c9e3edcb54821a9584abaa7c7d56, type: 3}
      propertyPath: Age
      value: 1
      objectReference: {fileID: 0}
    - target: {fileID: 854, guid: 2621c9e3edcb54821a9584abaa7c7d56, type: 3}
      propertyPath: Target
      value: 
      objectReference: {fileID: 8692512550644956518}
    - target: {fileID: 874, guid: 2621c9e3edcb54821a9584abaa7c7d56, type: 3}
      propertyPath: audioSource
      value: 
      objectReference: {fileID: 8692512550644957105}
    - target: {fileID: 466, guid: 2621c9e3edcb54821a9584abaa7c7d56, type: 3}
      propertyPath: m_LocalRotation.x
      value: -0.08846409
      objectReference: {fileID: 0}
    - target: {fileID: 466, guid: 2621c9e3edcb54821a9584abaa7c7d56, type: 3}
      propertyPath: m_LocalRotation.y
      value: 0.9021115
      objectReference: {fileID: 0}
    - target: {fileID: 466, guid: 2621c9e3edcb54821a9584abaa7c7d56, type: 3}
      propertyPath: m_LocalRotation.z
      value: 0.35916248
      objectReference: {fileID: 0}
    - target: {fileID: 466, guid: 2621c9e3edcb54821a9584abaa7c7d56, type: 3}
      propertyPath: m_LocalRotation.w
      value: 0.22219668
      objectReference: {fileID: 0}
    - target: {fileID: 875, guid: 2621c9e3edcb54821a9584abaa7c7d56, type: 3}
      propertyPath: OnTimeout.m_PersistentCalls.m_Calls.Array.data[0].m_Target
      value: 
      objectReference: {fileID: 8692512550644956900}
    - target: {fileID: 909, guid: 2621c9e3edcb54821a9584abaa7c7d56, type: 3}
      propertyPath: mr
      value: 
      objectReference: {fileID: 8692512550644956921}
    - target: {fileID: 909, guid: 2621c9e3edcb54821a9584abaa7c7d56, type: 3}
      propertyPath: mf
      value: 
      objectReference: {fileID: 8692512550644956873}
    - target: {fileID: 852, guid: 2621c9e3edcb54821a9584abaa7c7d56, type: 3}
      propertyPath: mr
      value: 
      objectReference: {fileID: 8692512550644956927}
    - target: {fileID: 852, guid: 2621c9e3edcb54821a9584abaa7c7d56, type: 3}
      propertyPath: mf
      value: 
      objectReference: {fileID: 8692512550644956727}
    - target: {fileID: 906, guid: 2621c9e3edcb54821a9584abaa7c7d56, type: 3}
      propertyPath: rndr
      value: 
      objectReference: {fileID: 8692512550644956927}
    - target: {fileID: 904, guid: 2621c9e3edcb54821a9584abaa7c7d56, type: 3}
      propertyPath: mr
      value: 
      objectReference: {fileID: 8692512550644956900}
    m_RemovedComponents: []
  m_SourcePrefab: {fileID: 100100000, guid: 2621c9e3edcb54821a9584abaa7c7d56, type: 3}
--- !u!4 &8692512550644956517 stripped
Transform:
  m_CorrespondingSourceObject: {fileID: 465, guid: 2621c9e3edcb54821a9584abaa7c7d56,
    type: 3}
  m_PrefabInstance: {fileID: 8692512550644956340}
  m_PrefabAsset: {fileID: 0}
--- !u!54 &8692512550644956672 stripped
Rigidbody:
  m_CorrespondingSourceObject: {fileID: 692, guid: 2621c9e3edcb54821a9584abaa7c7d56,
    type: 3}
  m_PrefabInstance: {fileID: 8692512550644956340}
  m_PrefabAsset: {fileID: 0}
--- !u!114 &8692512550644957155 stripped
MonoBehaviour:
  m_CorrespondingSourceObject: {fileID: 855, guid: 2621c9e3edcb54821a9584abaa7c7d56,
    type: 3}
  m_PrefabInstance: {fileID: 8692512550644956340}
  m_PrefabAsset: {fileID: 0}
  m_GameObject: {fileID: 0}
  m_Enabled: 1
  m_EditorHideFlags: 0
  m_Script: {fileID: 11500000, guid: f6242c1b5f3d54af388869909b5935f7, type: 3}
  m_Name: 
  m_EditorClassIdentifier: 
--- !u!114 &8692512550644957154 stripped
MonoBehaviour:
  m_CorrespondingSourceObject: {fileID: 854, guid: 2621c9e3edcb54821a9584abaa7c7d56,
    type: 3}
  m_PrefabInstance: {fileID: 8692512550644956340}
  m_PrefabAsset: {fileID: 0}
  m_GameObject: {fileID: 0}
  m_Enabled: 1
  m_EditorHideFlags: 0
  m_Script: {fileID: 11500000, guid: 8fe7307af0a0b4697af2b9e85e571376, type: 3}
  m_Name: 
  m_EditorClassIdentifier: 
--- !u!114 &8692512550644957166 stripped
MonoBehaviour:
  m_CorrespondingSourceObject: {fileID: 858, guid: 2621c9e3edcb54821a9584abaa7c7d56,
    type: 3}
  m_PrefabInstance: {fileID: 8692512550644956340}
  m_PrefabAsset: {fileID: 0}
  m_GameObject: {fileID: 0}
  m_Enabled: 1
  m_EditorHideFlags: 0
  m_Script: {fileID: 11500000, guid: d3b1e4c44ca8743e1afc2024653c1a42, type: 3}
  m_Name: 
  m_EditorClassIdentifier: 
--- !u!82 &8692512550644957105 stripped
AudioSource:
  m_CorrespondingSourceObject: {fileID: 773, guid: 2621c9e3edcb54821a9584abaa7c7d56,
    type: 3}
  m_PrefabInstance: {fileID: 8692512550644956340}
  m_PrefabAsset: {fileID: 0}
--- !u!114 &8692512550644957150 stripped
MonoBehaviour:
  m_CorrespondingSourceObject: {fileID: 874, guid: 2621c9e3edcb54821a9584abaa7c7d56,
    type: 3}
  m_PrefabInstance: {fileID: 8692512550644956340}
  m_PrefabAsset: {fileID: 0}
  m_GameObject: {fileID: 0}
  m_Enabled: 1
  m_EditorHideFlags: 0
  m_Script: {fileID: 11500000, guid: 1b4e04236e911485ebd9869753050450, type: 3}
  m_Name: 
  m_EditorClassIdentifier: 
--- !u!23 &8692512550644956900 stripped
MeshRenderer:
  m_CorrespondingSourceObject: {fileID: 592, guid: 2621c9e3edcb54821a9584abaa7c7d56,
    type: 3}
  m_PrefabInstance: {fileID: 8692512550644956340}
  m_PrefabAsset: {fileID: 0}
--- !u!102 &8692512550644957118 stripped
TextMesh:
  m_CorrespondingSourceObject: {fileID: 778, guid: 2621c9e3edcb54821a9584abaa7c7d56,
    type: 3}
  m_PrefabInstance: {fileID: 8692512550644956340}
  m_PrefabAsset: {fileID: 0}
--- !u!114 &8692512550644957151 stripped
MonoBehaviour:
  m_CorrespondingSourceObject: {fileID: 875, guid: 2621c9e3edcb54821a9584abaa7c7d56,
    type: 3}
  m_PrefabInstance: {fileID: 8692512550644956340}
  m_PrefabAsset: {fileID: 0}
  m_GameObject: {fileID: 0}
  m_Enabled: 1
  m_EditorHideFlags: 0
  m_Script: {fileID: 11500000, guid: b98c85f34376a43fe812ebf7f79e9b47, type: 3}
  m_Name: 
  m_EditorClassIdentifier: 
--- !u!114 &8692512550644957125 stripped
MonoBehaviour:
  m_CorrespondingSourceObject: {fileID: 881, guid: 2621c9e3edcb54821a9584abaa7c7d56,
    type: 3}
  m_PrefabInstance: {fileID: 8692512550644956340}
  m_PrefabAsset: {fileID: 0}
  m_GameObject: {fileID: 0}
  m_Enabled: 1
  m_EditorHideFlags: 0
  m_Script: {fileID: 11500000, guid: 32c8d6c7b20d44f7fb506fa3f9c49c41, type: 3}
  m_Name: 
  m_EditorClassIdentifier: 
--- !u!114 &8692512550644957131 stripped
MonoBehaviour:
  m_CorrespondingSourceObject: {fileID: 895, guid: 2621c9e3edcb54821a9584abaa7c7d56,
    type: 3}
  m_PrefabInstance: {fileID: 8692512550644956340}
  m_PrefabAsset: {fileID: 0}
  m_GameObject: {fileID: 0}
  m_Enabled: 1
  m_EditorHideFlags: 0
  m_Script: {fileID: 11500000, guid: 32c8d6c7b20d44f7fb506fa3f9c49c41, type: 3}
  m_Name: 
  m_EditorClassIdentifier: 
--- !u!114 &8692512550644957130 stripped
MonoBehaviour:
  m_CorrespondingSourceObject: {fileID: 894, guid: 2621c9e3edcb54821a9584abaa7c7d56,
    type: 3}
  m_PrefabInstance: {fileID: 8692512550644956340}
  m_PrefabAsset: {fileID: 0}
  m_GameObject: {fileID: 0}
  m_Enabled: 1
  m_EditorHideFlags: 0
  m_Script: {fileID: 11500000, guid: 32c8d6c7b20d44f7fb506fa3f9c49c41, type: 3}
  m_Name: 
  m_EditorClassIdentifier: 
--- !u!4 &8692512550644956518 stripped
Transform:
  m_CorrespondingSourceObject: {fileID: 466, guid: 2621c9e3edcb54821a9584abaa7c7d56,
    type: 3}
  m_PrefabInstance: {fileID: 8692512550644956340}
  m_PrefabAsset: {fileID: 0}
--- !u!114 &8692512550644957152 stripped
MonoBehaviour:
  m_CorrespondingSourceObject: {fileID: 852, guid: 2621c9e3edcb54821a9584abaa7c7d56,
    type: 3}
  m_PrefabInstance: {fileID: 8692512550644956340}
  m_PrefabAsset: {fileID: 0}
  m_GameObject: {fileID: 0}
  m_Enabled: 1
  m_EditorHideFlags: 0
  m_Script: {fileID: 11500000, guid: 97716fe5f1ab5406494e796838c91b4a, type: 3}
  m_Name: 
  m_EditorClassIdentifier: 
--- !u!23 &8692512550644956927 stripped
MeshRenderer:
  m_CorrespondingSourceObject: {fileID: 587, guid: 2621c9e3edcb54821a9584abaa7c7d56,
    type: 3}
  m_PrefabInstance: {fileID: 8692512550644956340}
  m_PrefabAsset: {fileID: 0}
--- !u!33 &8692512550644956727 stripped
MeshFilter:
  m_CorrespondingSourceObject: {fileID: 643, guid: 2621c9e3edcb54821a9584abaa7c7d56,
    type: 3}
  m_PrefabInstance: {fileID: 8692512550644956340}
  m_PrefabAsset: {fileID: 0}
--- !u!114 &8692512550644956990 stripped
MonoBehaviour:
  m_CorrespondingSourceObject: {fileID: 906, guid: 2621c9e3edcb54821a9584abaa7c7d56,
    type: 3}
  m_PrefabInstance: {fileID: 8692512550644956340}
  m_PrefabAsset: {fileID: 0}
  m_GameObject: {fileID: 0}
  m_Enabled: 0
  m_EditorHideFlags: 0
  m_Script: {fileID: 11500000, guid: 4c59b0f92490e49faa4f7448ea0264c8, type: 3}
  m_Name: 
  m_EditorClassIdentifier: 
--- !u!33 &8692512550644956873 stripped
MeshFilter:
  m_CorrespondingSourceObject: {fileID: 637, guid: 2621c9e3edcb54821a9584abaa7c7d56,
    type: 3}
  m_PrefabInstance: {fileID: 8692512550644956340}
  m_PrefabAsset: {fileID: 0}
--- !u!23 &8692512550644956921 stripped
MeshRenderer:
  m_CorrespondingSourceObject: {fileID: 589, guid: 2621c9e3edcb54821a9584abaa7c7d56,
    type: 3}
  m_PrefabInstance: {fileID: 8692512550644956340}
  m_PrefabAsset: {fileID: 0}
--- !u!114 &8692512550644956985 stripped
MonoBehaviour:
  m_CorrespondingSourceObject: {fileID: 909, guid: 2621c9e3edcb54821a9584abaa7c7d56,
    type: 3}
  m_PrefabInstance: {fileID: 8692512550644956340}
  m_PrefabAsset: {fileID: 0}
  m_GameObject: {fileID: 0}
  m_Enabled: 1
  m_EditorHideFlags: 0
  m_Script: {fileID: 11500000, guid: 2ade17e23b70b4b7ba3d7e8598b886a9, type: 3}
  m_Name: 
  m_EditorClassIdentifier: 
--- !u!4 &8692512550644956508 stripped
Transform:
  m_CorrespondingSourceObject: {fileID: 488, guid: 2621c9e3edcb54821a9584abaa7c7d56,
    type: 3}
  m_PrefabInstance: {fileID: 8692512550644956340}
  m_PrefabAsset: {fileID: 0}
--- !u!4 &8692512550644956519 stripped
Transform:
  m_CorrespondingSourceObject: {fileID: 467, guid: 2621c9e3edcb54821a9584abaa7c7d56,
    type: 3}
  m_PrefabInstance: {fileID: 8692512550644956340}
  m_PrefabAsset: {fileID: 0}
--- !u!4 &8692512550644956513 stripped
Transform:
  m_CorrespondingSourceObject: {fileID: 469, guid: 2621c9e3edcb54821a9584abaa7c7d56,
    type: 3}
  m_PrefabInstance: {fileID: 8692512550644956340}
  m_PrefabAsset: {fileID: 0}
