%YAML 1.1
%TAG !u! tag:unity3d.com,2011:
--- !u!1 &349
GameObject:
  m_ObjectHideFlags: 0
  m_CorrespondingSourceObject: {fileID: 0}
  m_PrefabInstance: {fileID: 0}
  m_PrefabAsset: {fileID: 0}
  serializedVersion: 6
  m_Component:
  - component: {fileID: 465}
  - component: {fileID: 853}
  - component: {fileID: 779}
  - component: {fileID: 692}
  - component: {fileID: 855}
  - component: {fileID: 854}
  - component: {fileID: 865}
  - component: {fileID: 858}
  - component: {fileID: 864}
  - component: {fileID: 773}
  - component: {fileID: 874}
  m_Layer: 13
  m_Name: Character Sprite
  m_TagString: Untagged
  m_Icon: {fileID: -6488666005112524639, guid: 0000000000000000d000000000000000, type: 0}
  m_NavMeshLayer: 0
  m_StaticEditorFlags: 0
  m_IsActive: 1
--- !u!4 &465
Transform:
  m_ObjectHideFlags: 0
  m_CorrespondingSourceObject: {fileID: 0}
  m_PrefabInstance: {fileID: 0}
  m_PrefabAsset: {fileID: 0}
  m_GameObject: {fileID: 349}
  m_LocalRotation: {x: 0, y: 0, z: 0, w: 1}
  m_LocalPosition: {x: 0, y: 0.12, z: 0}
  m_LocalScale: {x: 1, y: 1, z: 1}
  m_Children:
  - {fileID: 498}
  - {fileID: 466}
  m_Father: {fileID: 0}
  m_RootOrder: 0
  m_LocalEulerAnglesHint: {x: 0, y: 0, z: 0}
--- !u!114 &853
MonoBehaviour:
  m_ObjectHideFlags: 0
  m_CorrespondingSourceObject: {fileID: 0}
  m_PrefabInstance: {fileID: 0}
  m_PrefabAsset: {fileID: 0}
  m_GameObject: {fileID: 349}
  m_Enabled: 1
  m_EditorHideFlags: 0
  m_Script: {fileID: 11500000, guid: 0c6c023276a0a4138892a84f9be037bb, type: 3}
  m_Name: 
  m_EditorClassIdentifier: 
  id: 0
  IntrinsicInterests:
  - verb: Converse
    type: 0
    tag: 2
    InstanceID: 0
    OtherType: 
    OverridePriority: 0
    Priority: 0
    condition: 
    AlwaysConsider: 0
    go: {fileID: 0}
    objectPositionWhenSensed: {x: 0, y: 0, z: 0}
  VocationInterests: []
  PersonalInterests: []
  Interests: []
  ActiveInterests: []
  DebugAffinity: []
  SerializedAffinity: 
  KnownEventID: 
  AttackTags: 
  CharacterName: 
  IdentityName: human
  SkinIndex: 0
  TeamName: neutral
  Vocation: {fileID: 11400000, guid: 4a0add0751dc4437695fcc400b968d2e, type: 2}
  VocationName: random
  speechTextMesh: {fileID: 778}
  textRenderer: {fileID: 592}
  speechTimeout: {fileID: 875}
  FaceAnim: {fileID: 909}
  CurrentStateName: 
  StateParameters: []
  Stack: []
  CurrentState:
    Name: 
    Priority: 0
    IsPlayerState: 0
    SourceInterest:
      verb: 
      type: 0
      tag: 0
      InstanceID: 0
      OtherType: 
      OverridePriority: 0
      Priority: 0
      condition: 
      AlwaysConsider: 0
      go: {fileID: 0}
      objectPositionWhenSensed: {x: 0, y: 0, z: 0}
  MoveDirection: {x: 0, y: 0, z: 0}
  FaceDirection: {x: 0, y: 0, z: 0}
  FaceDirectionOfMovement: 1
  TurnSpeed: 270
  WalkSpeed: 15
  SprintSpeedLow: 20
  SprintSpeedHigh: 25
  DebugVelocity: 0
  runBounceRate: 10
  minRunRate: 0.1
  maxRunRate: 10
  moveThreshold: 0.1
  SidestepAvoidance: 1
  HasPath: 0
  WaypointRadii: 0.1
  DestinationRadius: 0.3
  DestinationPosition: {x: 0, y: 0, z: 0}
  waypoint: []
  Health: 3
  HealthFullLow: 2
  HealthFullHigh: 4
  HealthRegenAmount: 0.1
  TakeDamageSound: {fileID: 8300000, guid: 923642581b2d04ea6be2693d5a9ad8e7, type: 3}
  DamageIgnore: 
  healthBar: {fileID: 895}
  Home: {fileID: 0}
  Bed: {fileID: 0}
  KnownDestinations: []
  KnownDestinationsID: 
  CanAge: 1
  Age: 0
  AgeUpdateInterval: 1
  AgeMaxSeconds: 600
  BallSizeNormal:
    serializedVersion: 2
    m_Curve:
    - serializedVersion: 3
      time: 0
      value: 0.05
      inSlope: 0.13999999
      outSlope: 0.13999999
      tangentMode: 34
      weightedMode: 0
      inWeight: 0.33333334
      outWeight: 0.33333334
    - serializedVersion: 3
      time: 0.5
      value: 0.12
      inSlope: 0
      outSlope: 0
      tangentMode: 0
      weightedMode: 0
      inWeight: 0.33333334
      outWeight: 0.33333334
    - serializedVersion: 3
      time: 1
      value: 0.12
      inSlope: 0
      outSlope: 0
      tangentMode: 34
      weightedMode: 0
      inWeight: 0.33333334
      outWeight: 0.33333334
    m_PreInfinity: 2
    m_PostInfinity: 2
    m_RotationOrder: 0
  WalkerOffsetMax: 0
  SpriteScale:
    serializedVersion: 2
    m_Curve:
    - serializedVersion: 3
      time: 0
      value: 0.5
      inSlope: 1
      outSlope: 1
      tangentMode: 34
      weightedMode: 0
      inWeight: 0.33333334
      outWeight: 0.33333334
    - serializedVersion: 3
      time: 0.5
      value: 1
      inSlope: 0
      outSlope: 0
      tangentMode: 0
      weightedMode: 0
      inWeight: 0.33333334
      outWeight: 0.33333334
    - serializedVersion: 3
      time: 1
      value: 1
      inSlope: 0
      outSlope: 0
      tangentMode: 34
      weightedMode: 0
      inWeight: 0.33333334
      outWeight: 0.33333334
    m_PreInfinity: 2
    m_PostInfinity: 2
    m_RotationOrder: 0
  AudioPitchMin: 1.5
  AudioPitchMax: 1
  AudioPitchNormal:
    serializedVersion: 2
    m_Curve:
    - serializedVersion: 3
      time: 0
      value: 1.5
      inSlope: -1
      outSlope: -1
      tangentMode: 34
      weightedMode: 0
      inWeight: 0.33333334
      outWeight: 0.33333334
    - serializedVersion: 3
      time: 0.5
      value: 1
      inSlope: 0
      outSlope: 0
      tangentMode: 0
      weightedMode: 0
      inWeight: 0.33333334
      outWeight: 0.33333334
    - serializedVersion: 3
      time: 1
      value: 1
      inSlope: 0
      outSlope: 0
      tangentMode: 34
      weightedMode: 0
      inWeight: 0.33333334
      outWeight: 0.33333334
    m_PreInfinity: 2
    m_PostInfinity: 2
    m_RotationOrder: 0
  DeadBodyPrefab: {fileID: 361, guid: 0c11c0bdf36f44730a16e9fbbd7dd639, type: 3}
  DeathPrefab: {fileID: 1000013293028820, guid: a107b988141774d65b240e6d43de4d49,
    type: 3}
  DeathSound: {fileID: 8300000, guid: 18d2fefbfff0d4676b17cca74b2209a9, type: 3}
  KillCount: 0
  killBar: {fileID: 894}
  lastKillTime: 0
  StaminaFullLow: 5
  StaminaFullHigh: 10
  StaminaLossRate: -0.5
  StaminaRecoverRate: 4
  StaminaBar: {fileID: 881}
  Stamina: 3
  StaminaFull: 1
  Wake: 100
  WakeFull: 100
  WakeLossRate: -1
  WakeGainRate: 3
  Rank: 1
  Footprints: 1
  Mouth: {fileID: 0}
  IsHidden: 0
  tags: {fileID: 858}
  body: {fileID: 692}
  myRenderer: {fileID: 587}
  moveTransform: {fileID: 465}
  billboard: {fileID: 852}
  walk: {fileID: 854}
  audioSource: {fileID: 773}
  ball: {fileID: 855}
  colorPulse: {fileID: 906}
  sad: {fileID: 0}
  meshOriginBottom: 0
  JabberPlayer: {fileID: 874}
  HoldRadius: 0.3
  HeldObject: {fileID: 0}
  IsPregnant: 0
  GestationProgress: 0
  MateInstigator: {fileID: 0}
  RomanceEffect: {fileID: 1000014105757076, guid: c93ef9536f6fc472bba7f15544400bee,
    type: 3}
  SpawnRadius: 0.5
  AmmoPrefab: []
  AmmoIndex: 0
  FireIntervalDividen: 1
  shotSpawnDistance: 1
  CurrentWeaponPrefab: {fileID: 0}
  ShieldDownProximity: 2
  ShieldInactiveLocal: {x: -0.2, y: 0.05, z: 0}
  ShieldActiveLocal: {x: -0.05, y: 0.05, z: 0.3}
  UnarmedAttack: 0
  AttackTarget: {fileID: 0}
  FoundTargetSound:
  - {fileID: 8300000, guid: f612829f2d35a44548ffa052a7737ae2, type: 3}
  - {fileID: 8300000, guid: aeaa78f6b83b94691bf467874ecd0b27, type: 3}
  - {fileID: 8300000, guid: eaf099e5e2d58430fb2263966dd3a0d4, type: 3}
  - {fileID: 8300000, guid: f897251f495b94fe084bce66e7214d0b, type: 3}
  - {fileID: 8300000, guid: f328dfa356269410a9ea60d6730da5fc, type: 3}
  - {fileID: 8300000, guid: ad2f4c2e9cd2e4c6fbc6a90a61ca906b, type: 3}
  BuildMode: 0
  CurrentPrefabIndex: 0
  CurrentBuildObject: {fileID: 0}
  DecalSprite: {fileID: 21300000, guid: a1adb68da539445ed8cd44f2ff9ac768, type: 3}
  DecalIndex: 0
  CanConverse: 1
  ConverseTarget: {fileID: 0}
  FleeFrom: {fileID: 0}
  FleePatience: 5
  CanFollow: 1
  FollowCharacter: {fileID: 0}
  Followers: []
  GatherDestination: {fileID: 0}
  IdlePatience: 10
  CanPickupItems: 1
  AddTranslateCurve:
    serializedVersion: 2
    m_Curve:
    - serializedVersion: 3
      time: 0
      value: 0
      inSlope: 1
      outSlope: 1
      tangentMode: 34
      weightedMode: 0
      inWeight: 0.33333334
      outWeight: 0.33333334
    - serializedVersion: 3
      time: 1
      value: 1
      inSlope: 1
      outSlope: 1
      tangentMode: 34
      weightedMode: 0
      inWeight: 0.33333334
      outWeight: 0.33333334
    m_PreInfinity: 2
    m_PostInfinity: 2
    m_RotationOrder: 0
  ItemScale: 0.2
  RightHandMount: {fileID: 469}
  RightHandItemMount: {fileID: 488}
  ScaleItemsRight: -0.2
  rightSelectedIndex: 0
  RightHandItem: {fileID: 0}
  RightHandSwag: {fileID: 0}
  RightHandLocal: {x: 0.12, y: 0, z: -0.04}
  LeftHandItemMount: {fileID: 467}
  ScaleItemsLeft: 0.2
  leftSelectedIndex: 0
  LeftHandItem: {fileID: 0}
  swag: []
  RightHandAnimation: {fileID: 0}
  InvestigateRadius: 1
  InvestigateArrivalDistance: 0.5
  InvestigatePatience: 8
  InvestigateAdjustSpeed: 0.1
  isPlayerControlled: 0
  PlayerStrafeMode: 1
  ActionRadius: 1
  ActionRaycastMinimumDot: 0.5
  InteractIndicatorPrefab: {fileID: 1906658728403378, guid: c51667d853b554283bbac6735f176b00,
    type: 3}
  CanSleep: 0
  InSleepCycle: 0
  SleepInterrupt: 0
  LerpDuration: 1
  sleepCameraLerpDurationIn: 4
  sleepCameraLerpDurationOut: 1
  sleepTimescale: 20
  sleepTODDuration: 480
  sleepTODWait: 8
  sleepyMusic: {fileID: 8300000, guid: 06920b0b995b042efa7debd745e4c3ba, type: 3}
  WanderSpeed: 10
  WanderPatience: 20
  WanderDirectionChangeInterval: 4
  WanderDistance: 2
  WanderDestination: {fileID: 0}
  WanderDestinationIndex: 0
--- !u!135 &779
SphereCollider:
  m_ObjectHideFlags: 0
  m_CorrespondingSourceObject: {fileID: 0}
  m_PrefabInstance: {fileID: 0}
  m_PrefabAsset: {fileID: 0}
  m_GameObject: {fileID: 349}
  m_Material: {fileID: 13400000, guid: 4afe672e0554544988de045b7667676f, type: 2}
  m_IsTrigger: 0
  m_Enabled: 1
  serializedVersion: 2
  m_Radius: 0.12
  m_Center: {x: 0, y: 0, z: 0}
--- !u!54 &692
Rigidbody:
  m_ObjectHideFlags: 0
  m_CorrespondingSourceObject: {fileID: 0}
  m_PrefabInstance: {fileID: 0}
  m_PrefabAsset: {fileID: 0}
  m_GameObject: {fileID: 349}
  serializedVersion: 2
  m_Mass: 1
  m_Drag: 10
  m_AngularDrag: 1
  m_UseGravity: 0
  m_IsKinematic: 0
  m_Interpolate: 0
  m_Constraints: 116
  m_CollisionDetection: 0
--- !u!114 &855
MonoBehaviour:
  m_ObjectHideFlags: 0
  m_CorrespondingSourceObject: {fileID: 0}
  m_PrefabInstance: {fileID: 0}
  m_PrefabAsset: {fileID: 0}
  m_GameObject: {fileID: 349}
  m_Enabled: 1
  m_EditorHideFlags: 0
  m_Script: {fileID: 11500000, guid: f6242c1b5f3d54af388869909b5935f7, type: 3}
  m_Name: 
  m_EditorClassIdentifier: 
  LockToGround: 1
--- !u!114 &854
MonoBehaviour:
  m_ObjectHideFlags: 0
  m_CorrespondingSourceObject: {fileID: 0}
  m_PrefabInstance: {fileID: 0}
  m_PrefabAsset: {fileID: 0}
  m_GameObject: {fileID: 349}
  m_Enabled: 1
  m_EditorHideFlags: 0
  m_Script: {fileID: 11500000, guid: 8fe7307af0a0b4697af2b9e85e571376, type: 3}
  m_Name: 
  m_EditorClassIdentifier: 
  Target: {fileID: 466}
  Rate: 4
  MaxRange: 0.08
  rampUpRate: 1
  rampDownRate: 0.2
  ResetThreshold: 0.01
  moveType: 0
  AlignLocalToBillboard: {fileID: 0}
  StartPosition: {x: 0, y: 0, z: 0}
--- !u!114 &865
MonoBehaviour:
  m_ObjectHideFlags: 0
  m_CorrespondingSourceObject: {fileID: 0}
  m_PrefabInstance: {fileID: 0}
  m_PrefabAsset: {fileID: 0}
  m_GameObject: {fileID: 349}
  m_Enabled: 1
  m_EditorHideFlags: 0
  m_Script: {fileID: 11500000, guid: 0e5924121de9c4b79876cc78acd23e89, type: 3}
  m_Name: 
  m_EditorClassIdentifier: 
  serialize: 1
  id: 593848
--- !u!114 &858
MonoBehaviour:
  m_ObjectHideFlags: 0
  m_CorrespondingSourceObject: {fileID: 0}
  m_PrefabInstance: {fileID: 0}
  m_PrefabAsset: {fileID: 0}
  m_GameObject: {fileID: 349}
  m_Enabled: 1
  m_EditorHideFlags: 0
  m_Script: {fileID: 11500000, guid: d3b1e4c44ca8743e1afc2024653c1a42, type: 3}
  m_Name: 
  m_EditorClassIdentifier: 
  tags: 
--- !u!114 &864
MonoBehaviour:
  m_ObjectHideFlags: 0
  m_CorrespondingSourceObject: {fileID: 0}
  m_PrefabInstance: {fileID: 0}
  m_PrefabAsset: {fileID: 0}
  m_GameObject: {fileID: 349}
  m_Enabled: 1
  m_EditorHideFlags: 0
  m_Script: {fileID: 11500000, guid: 087f14fef1e794bdebd1a868905c4d4a, type: 3}
  m_Name: 
  m_EditorClassIdentifier: 
  useSurrogates: 0
  surrogatePrefab: {fileID: 1000011148332766, guid: f7ee5fac1728449cd9827e8d12b1a515,
    type: 3}
--- !u!82 &773
AudioSource:
  m_ObjectHideFlags: 0
  m_CorrespondingSourceObject: {fileID: 0}
  m_PrefabInstance: {fileID: 0}
  m_PrefabAsset: {fileID: 0}
  m_GameObject: {fileID: 349}
  m_Enabled: 1
  serializedVersion: 4
  OutputAudioMixerGroup: {fileID: 243000014140632250, guid: 3db3c6413c38f403dadef89304e5f1b7,
    type: 2}
  m_audioClip: {fileID: 0}
  m_PlayOnAwake: 0
  m_Volume: 1
  m_Pitch: 1
  Loop: 0
  Mute: 0
  Spatialize: 0
  SpatializePostEffects: 0
  Priority: 128
  DopplerLevel: 0
  MinDistance: 3
  MaxDistance: 10
  Pan2D: 0
  rolloffMode: 1
  BypassEffects: 0
  BypassListenerEffects: 0
  BypassReverbZones: 0
  rolloffCustomCurve:
    serializedVersion: 2
    m_Curve:
    - serializedVersion: 3
      time: 0.033071138
      value: 1.0003662
      inSlope: -3.7094486
      outSlope: -3.7094486
      tangentMode: 0
      weightedMode: 0
      inWeight: 0.33333334
      outWeight: 0.33333334
    - serializedVersion: 3
      time: 0.992218
      value: 0
      inSlope: -0.23096389
      outSlope: -0.23096389
      tangentMode: 0
      weightedMode: 0
      inWeight: 0.33333334
      outWeight: 0.33333334
    m_PreInfinity: 2
    m_PostInfinity: 2
    m_RotationOrder: 0
  panLevelCustomCurve:
    serializedVersion: 2
    m_Curve:
    - serializedVersion: 3
      time: 0
      value: 1
      inSlope: 0
      outSlope: 0
      tangentMode: 0
      weightedMode: 0
      inWeight: 0.33333334
      outWeight: 0.33333334
    m_PreInfinity: 2
    m_PostInfinity: 2
    m_RotationOrder: 0
  spreadCustomCurve:
    serializedVersion: 2
    m_Curve:
    - serializedVersion: 3
      time: 0
      value: 0
      inSlope: 0
      outSlope: 0
      tangentMode: 0
      weightedMode: 0
      inWeight: 0.33333334
      outWeight: 0.33333334
    m_PreInfinity: 2
    m_PostInfinity: 2
    m_RotationOrder: 0
  reverbZoneMixCustomCurve:
    serializedVersion: 2
    m_Curve:
    - serializedVersion: 3
      time: 0
      value: 1
      inSlope: 0
      outSlope: 0
      tangentMode: 0
      weightedMode: 0
      inWeight: 0.33333334
      outWeight: 0.33333334
    m_PreInfinity: 2
    m_PostInfinity: 2
    m_RotationOrder: 0
--- !u!114 &874
MonoBehaviour:
  m_ObjectHideFlags: 0
  m_CorrespondingSourceObject: {fileID: 0}
  m_PrefabInstance: {fileID: 0}
  m_PrefabAsset: {fileID: 0}
  m_GameObject: {fileID: 349}
  m_Enabled: 1
  m_EditorHideFlags: 0
  m_Script: {fileID: 11500000, guid: 1b4e04236e911485ebd9869753050450, type: 3}
  m_Name: 
  m_EditorClassIdentifier: 
  audioSource: {fileID: 773}
  jabber: {fileID: 0}
  pattern: 'a '
  Loop: 0
  index: 0
  isPlaying: 0
  phoClip:
    UseClipLength: 0
    UseOffset: 1
    Offset: 0
    clip: {fileID: 0}
--- !u!1 &350
GameObject:
  m_ObjectHideFlags: 0
  m_CorrespondingSourceObject: {fileID: 0}
  m_PrefabInstance: {fileID: 0}
  m_PrefabAsset: {fileID: 0}
  serializedVersion: 6
  m_Component:
  - component: {fileID: 466}
  - component: {fileID: 852}
  - component: {fileID: 587}
  - component: {fileID: 643}
  - component: {fileID: 906}
  m_Layer: 13
  m_Name: sprite
  m_TagString: Untagged
  m_Icon: {fileID: 0}
  m_NavMeshLayer: 0
  m_StaticEditorFlags: 0
  m_IsActive: 1
--- !u!4 &466
Transform:
  m_ObjectHideFlags: 0
  m_CorrespondingSourceObject: {fileID: 0}
  m_PrefabInstance: {fileID: 0}
  m_PrefabAsset: {fileID: 0}
  m_GameObject: {fileID: 350}
  m_LocalRotation: {x: -0.08846409, y: 0.9021115, z: 0.35916248, w: 0.22219668}
  m_LocalPosition: {x: 0, y: 0, z: 0}
  m_LocalScale: {x: 1, y: 1, z: 1}
  m_Children:
  - {fileID: 484}
  - {fileID: 488}
  - {fileID: 467}
  - {fileID: 469}
  m_Father: {fileID: 465}
  m_RootOrder: 1
  m_LocalEulerAnglesHint: {x: 0, y: 0, z: 0}
--- !u!114 &852
MonoBehaviour:
  m_ObjectHideFlags: 0
  m_CorrespondingSourceObject: {fileID: 0}
  m_PrefabInstance: {fileID: 0}
  m_PrefabAsset: {fileID: 0}
  m_GameObject: {fileID: 350}
  m_Enabled: 1
  m_EditorHideFlags: 0
  m_Script: {fileID: 11500000, guid: 97716fe5f1ab5406494e796838c91b4a, type: 3}
  m_Name: 
  m_EditorClassIdentifier: 
  faceCamera: 1
  keepUpright: 0
  flip: 0
  showImage: 0
  mr: {fileID: 587}
  mf: {fileID: 643}
  sprite: {fileID: 21300006, guid: 8f76102b7f7fb41e28a2c2a84c488a8f, type: 3}
--- !u!23 &587
MeshRenderer:
  m_ObjectHideFlags: 0
  m_CorrespondingSourceObject: {fileID: 0}
  m_PrefabInstance: {fileID: 0}
  m_PrefabAsset: {fileID: 0}
  m_GameObject: {fileID: 350}
  m_Enabled: 1
  m_CastShadows: 1
  m_ReceiveShadows: 1
  m_DynamicOccludee: 1
  m_MotionVectors: 1
  m_LightProbeUsage: 1
  m_ReflectionProbeUsage: 1
  m_RenderingLayerMask: 1
  m_RendererPriority: 0
  m_Materials:
  - {fileID: 2100000, guid: 7fb624c5b762a41c988f8028e3eee565, type: 2}
  m_StaticBatchInfo:
    firstSubMesh: 0
    subMeshCount: 0
  m_StaticBatchRoot: {fileID: 0}
  m_ProbeAnchor: {fileID: 0}
  m_LightProbeVolumeOverride: {fileID: 0}
  m_ScaleInLightmap: 1
  m_ReceiveGI: 1
  m_PreserveUVs: 0
  m_IgnoreNormalsForChartDetection: 0
  m_ImportantGI: 0
  m_StitchLightmapSeams: 0
  m_SelectedEditorRenderState: 3
  m_MinimumChartSize: 4
  m_AutoUVMaxDistance: 0.5
  m_AutoUVMaxAngle: 89
  m_LightmapParameters: {fileID: 0}
  m_SortingLayerID: 0
  m_SortingLayer: 0
  m_SortingOrder: 0
--- !u!33 &643
MeshFilter:
  m_ObjectHideFlags: 0
  m_CorrespondingSourceObject: {fileID: 0}
  m_PrefabInstance: {fileID: 0}
  m_PrefabAsset: {fileID: 0}
  m_GameObject: {fileID: 350}
  m_Mesh: {fileID: 4300010, guid: 800310678967343958103140803e5f5c, type: 3}
--- !u!114 &906
MonoBehaviour:
  m_ObjectHideFlags: 0
  m_CorrespondingSourceObject: {fileID: 0}
  m_PrefabInstance: {fileID: 0}
  m_PrefabAsset: {fileID: 0}
  m_GameObject: {fileID: 350}
  m_Enabled: 0
  m_EditorHideFlags: 0
  m_Script: {fileID: 11500000, guid: 4c59b0f92490e49faa4f7448ea0264c8, type: 3}
  m_Name: 
  m_EditorClassIdentifier: 
  rndr: {fileID: 587}
  PulseColor: {r: 2, g: 0, b: 0, a: 1}
  duration: 0.1
  flashDuration: 0.05
--- !u!1 &351
GameObject:
  m_ObjectHideFlags: 0
  m_CorrespondingSourceObject: {fileID: 0}
  m_PrefabInstance: {fileID: 0}
  m_PrefabAsset: {fileID: 0}
  serializedVersion: 6
  m_Component:
  - component: {fileID: 467}
  m_Layer: 13
  m_Name: Left Hand Items
  m_TagString: Untagged
  m_Icon: {fileID: 0}
  m_NavMeshLayer: 0
  m_StaticEditorFlags: 0
  m_IsActive: 1
--- !u!4 &467
Transform:
  m_ObjectHideFlags: 0
  m_CorrespondingSourceObject: {fileID: 0}
  m_PrefabInstance: {fileID: 0}
  m_PrefabAsset: {fileID: 0}
  m_GameObject: {fileID: 351}
  m_LocalRotation: {x: 0, y: 1, z: 0, w: 0}
  m_LocalPosition: {x: 0.0921, y: -0.0147, z: -0}
  m_LocalScale: {x: 1, y: 1, z: 1}
  m_Children: []
  m_Father: {fileID: 466}
  m_RootOrder: 2
  m_LocalEulerAnglesHint: {x: 0, y: 180, z: 0}
--- !u!1 &356
GameObject:
  m_ObjectHideFlags: 0
  m_CorrespondingSourceObject: {fileID: 0}
  m_PrefabInstance: {fileID: 0}
  m_PrefabAsset: {fileID: 0}
  serializedVersion: 6
  m_Component:
  - component: {fileID: 492}
  - component: {fileID: 644}
  - component: {fileID: 588}
  - component: {fileID: 881}
  m_Layer: 13
  m_Name: staminabar
  m_TagString: Untagged
  m_Icon: {fileID: 0}
  m_NavMeshLayer: 0
  m_StaticEditorFlags: 0
  m_IsActive: 0
--- !u!4 &492
Transform:
  m_ObjectHideFlags: 0
  m_CorrespondingSourceObject: {fileID: 0}
  m_PrefabInstance: {fileID: 0}
  m_PrefabAsset: {fileID: 0}
  m_GameObject: {fileID: 356}
  m_LocalRotation: {x: 0, y: 1, z: 0, w: 0}
  m_LocalPosition: {x: -0.1, y: -0.077, z: 0.015622318}
  m_LocalScale: {x: 1, y: 1, z: 1}
  m_Children: []
  m_Father: {fileID: 498}
  m_RootOrder: 0
  m_LocalEulerAnglesHint: {x: 0, y: 180, z: 0}
--- !u!33 &644
MeshFilter:
  m_ObjectHideFlags: 0
  m_CorrespondingSourceObject: {fileID: 0}
  m_PrefabInstance: {fileID: 0}
  m_PrefabAsset: {fileID: 0}
  m_GameObject: {fileID: 356}
  m_Mesh: {fileID: 4300008, guid: 800310678967343958103140803e5f5c, type: 3}
--- !u!23 &588
MeshRenderer:
  m_ObjectHideFlags: 0
  m_CorrespondingSourceObject: {fileID: 0}
  m_PrefabInstance: {fileID: 0}
  m_PrefabAsset: {fileID: 0}
  m_GameObject: {fileID: 356}
  m_Enabled: 1
  m_CastShadows: 0
  m_ReceiveShadows: 0
  m_DynamicOccludee: 1
  m_MotionVectors: 1
  m_LightProbeUsage: 1
  m_ReflectionProbeUsage: 1
  m_RenderingLayerMask: 1
  m_RendererPriority: 0
  m_Materials:
  - {fileID: 2100000, guid: 2249d21627120477484dc277ea2ceea2, type: 2}
  m_StaticBatchInfo:
    firstSubMesh: 0
    subMeshCount: 0
  m_StaticBatchRoot: {fileID: 0}
  m_ProbeAnchor: {fileID: 0}
  m_LightProbeVolumeOverride: {fileID: 0}
  m_ScaleInLightmap: 1
  m_ReceiveGI: 1
  m_PreserveUVs: 0
  m_IgnoreNormalsForChartDetection: 0
  m_ImportantGI: 0
  m_StitchLightmapSeams: 0
  m_SelectedEditorRenderState: 3
  m_MinimumChartSize: 4
  m_AutoUVMaxDistance: 0.5
  m_AutoUVMaxAngle: 89
  m_LightmapParameters: {fileID: 0}
  m_SortingLayerID: 0
  m_SortingLayer: 0
  m_SortingOrder: 0
--- !u!114 &881
MonoBehaviour:
  m_ObjectHideFlags: 0
  m_CorrespondingSourceObject: {fileID: 0}
  m_PrefabInstance: {fileID: 0}
  m_PrefabAsset: {fileID: 0}
  m_GameObject: {fileID: 356}
  m_Enabled: 1
  m_EditorHideFlags: 0
  m_Script: {fileID: 11500000, guid: 32c8d6c7b20d44f7fb506fa3f9c49c41, type: 3}
  m_Name: 
  m_EditorClassIdentifier: 
  alpha: 0
  shapeIndex: 0
--- !u!1 &360
GameObject:
  m_ObjectHideFlags: 0
  m_CorrespondingSourceObject: {fileID: 0}
  m_PrefabInstance: {fileID: 0}
  m_PrefabAsset: {fileID: 0}
  serializedVersion: 6
  m_Component:
  - component: {fileID: 498}
  - component: {fileID: 592}
  - component: {fileID: 778}
  - component: {fileID: 875}
  - component: {fileID: 904}
  m_Layer: 13
  m_Name: spoken
  m_TagString: Untagged
  m_Icon: {fileID: 0}
  m_NavMeshLayer: 0
  m_StaticEditorFlags: 0
  m_IsActive: 0
--- !u!4 &498
Transform:
  m_ObjectHideFlags: 0
  m_CorrespondingSourceObject: {fileID: 0}
  m_PrefabInstance: {fileID: 0}
  m_PrefabAsset: {fileID: 0}
  m_GameObject: {fileID: 360}
  m_LocalRotation: {x: -0.080232434, y: -0.08013869, z: -0.003919418, w: 0.9935418}
  m_LocalPosition: {x: 0.0041098427, y: 0.35, z: 0.025191933}
  m_LocalScale: {x: 1, y: 1, z: 1}
  m_Children:
  - {fileID: 492}
  - {fileID: 471}
  - {fileID: 479}
  m_Father: {fileID: 465}
  m_RootOrder: 0
  m_LocalEulerAnglesHint: {x: 0, y: 180, z: 0}
--- !u!23 &592
MeshRenderer:
  m_ObjectHideFlags: 0
  m_CorrespondingSourceObject: {fileID: 0}
  m_PrefabInstance: {fileID: 0}
  m_PrefabAsset: {fileID: 0}
  m_GameObject: {fileID: 360}
  m_Enabled: 1
  m_CastShadows: 1
  m_ReceiveShadows: 1
  m_DynamicOccludee: 1
  m_MotionVectors: 1
  m_LightProbeUsage: 1
  m_ReflectionProbeUsage: 1
  m_RenderingLayerMask: 1
  m_RendererPriority: 0
  m_Materials:
  - {fileID: 2100000, guid: 678e03de974024643adeb12e0b57fed0, type: 2}
  m_StaticBatchInfo:
    firstSubMesh: 0
    subMeshCount: 0
  m_StaticBatchRoot: {fileID: 0}
  m_ProbeAnchor: {fileID: 0}
  m_LightProbeVolumeOverride: {fileID: 0}
  m_ScaleInLightmap: 1
  m_ReceiveGI: 1
  m_PreserveUVs: 0
  m_IgnoreNormalsForChartDetection: 0
  m_ImportantGI: 0
  m_StitchLightmapSeams: 0
  m_SelectedEditorRenderState: 3
  m_MinimumChartSize: 4
  m_AutoUVMaxDistance: 0.5
  m_AutoUVMaxAngle: 89
  m_LightmapParameters: {fileID: 0}
  m_SortingLayerID: 0
  m_SortingLayer: 0
  m_SortingOrder: 0
--- !u!102 &778
TextMesh:
  serializedVersion: 3
  m_ObjectHideFlags: 0
  m_CorrespondingSourceObject: {fileID: 0}
  m_PrefabInstance: {fileID: 0}
  m_PrefabAsset: {fileID: 0}
  m_GameObject: {fileID: 360}
  m_Text: <speech>
  m_OffsetZ: 0
  m_CharacterSize: 0.01
  m_LineSpacing: 1
  m_Anchor: 4
  m_Alignment: 1
  m_TabSize: 4
  m_FontSize: 40
  m_FontStyle: 0
  m_RichText: 0
  m_Font: {fileID: 12800000, guid: 9bb680a8a285248389424b87a4912eb2, type: 3}
  m_Color:
    serializedVersion: 2
    rgba: 4294967295
--- !u!114 &875
MonoBehaviour:
  m_ObjectHideFlags: 0
  m_CorrespondingSourceObject: {fileID: 0}
  m_PrefabInstance: {fileID: 0}
  m_PrefabAsset: {fileID: 0}
  m_GameObject: {fileID: 360}
  m_Enabled: 1
  m_EditorHideFlags: 0
  m_Script: {fileID: 11500000, guid: b98c85f34376a43fe812ebf7f79e9b47, type: 3}
  m_Name: 
  m_EditorClassIdentifier: 
  ps: {fileID: 0}
  duration: 1
  OnTimeout:
    m_PersistentCalls:
      m_Calls:
      - m_Target: {fileID: 592}
        m_MethodName: set_enabled
        m_Mode: 6
        m_Arguments:
          m_ObjectArgument: {fileID: 0}
          m_ObjectArgumentAssemblyTypeName: UnityEngine.Object, UnityEngine
          m_IntArgument: 0
          m_FloatArgument: 0
          m_StringArgument: 
          m_BoolArgument: 0
        m_CallState: 2
--- !u!114 &904
MonoBehaviour:
  m_ObjectHideFlags: 0
  m_CorrespondingSourceObject: {fileID: 0}
  m_PrefabInstance: {fileID: 0}
  m_PrefabAsset: {fileID: 0}
  m_GameObject: {fileID: 360}
  m_Enabled: 1
  m_EditorHideFlags: 0
  m_Script: {fileID: 11500000, guid: 97716fe5f1ab5406494e796838c91b4a, type: 3}
  m_Name: 
  m_EditorClassIdentifier: 
  faceCamera: 1
  keepUpright: 0
  flip: 1
  showImage: 0
  mr: {fileID: 592}
  mf: {fileID: 0}
  sprite: {fileID: 0}
--- !u!1 &365
GameObject:
  m_ObjectHideFlags: 0
  m_CorrespondingSourceObject: {fileID: 0}
  m_PrefabInstance: {fileID: 0}
  m_PrefabAsset: {fileID: 0}
  serializedVersion: 6
  m_Component:
  - component: {fileID: 479}
  - component: {fileID: 646}
  - component: {fileID: 580}
  - component: {fileID: 894}
  m_Layer: 13
  m_Name: killbar
  m_TagString: Untagged
  m_Icon: {fileID: 0}
  m_NavMeshLayer: 0
  m_StaticEditorFlags: 0
  m_IsActive: 0
--- !u!4 &479
Transform:
  m_ObjectHideFlags: 0
  m_CorrespondingSourceObject: {fileID: 0}
  m_PrefabInstance: {fileID: 0}
  m_PrefabAsset: {fileID: 0}
  m_GameObject: {fileID: 365}
  m_LocalRotation: {x: 0, y: 1, z: 0, w: 0}
  m_LocalPosition: {x: -0.10000001, y: -0.09521026, z: 0.0051634256}
  m_LocalScale: {x: 1, y: 1, z: 1}
  m_Children: []
  m_Father: {fileID: 498}
  m_RootOrder: 2
  m_LocalEulerAnglesHint: {x: 0, y: 180, z: 0}
--- !u!33 &646
MeshFilter:
  m_ObjectHideFlags: 0
  m_CorrespondingSourceObject: {fileID: 0}
  m_PrefabInstance: {fileID: 0}
  m_PrefabAsset: {fileID: 0}
  m_GameObject: {fileID: 365}
  m_Mesh: {fileID: 4300008, guid: 800310678967343958103140803e5f5c, type: 3}
--- !u!23 &580
MeshRenderer:
  m_ObjectHideFlags: 0
  m_CorrespondingSourceObject: {fileID: 0}
  m_PrefabInstance: {fileID: 0}
  m_PrefabAsset: {fileID: 0}
  m_GameObject: {fileID: 365}
  m_Enabled: 1
  m_CastShadows: 0
  m_ReceiveShadows: 0
  m_DynamicOccludee: 1
  m_MotionVectors: 1
  m_LightProbeUsage: 1
  m_ReflectionProbeUsage: 1
  m_RenderingLayerMask: 1
  m_RendererPriority: 0
  m_Materials:
  - {fileID: 2100000, guid: 378fe3a006d404d2b985c7403c363721, type: 2}
  m_StaticBatchInfo:
    firstSubMesh: 0
    subMeshCount: 0
  m_StaticBatchRoot: {fileID: 0}
  m_ProbeAnchor: {fileID: 0}
  m_LightProbeVolumeOverride: {fileID: 0}
  m_ScaleInLightmap: 1
  m_ReceiveGI: 1
  m_PreserveUVs: 0
  m_IgnoreNormalsForChartDetection: 0
  m_ImportantGI: 0
  m_StitchLightmapSeams: 0
  m_SelectedEditorRenderState: 3
  m_MinimumChartSize: 4
  m_AutoUVMaxDistance: 0.5
  m_AutoUVMaxAngle: 89
  m_LightmapParameters: {fileID: 0}
  m_SortingLayerID: 0
  m_SortingLayer: 0
  m_SortingOrder: 0
--- !u!114 &894
MonoBehaviour:
  m_ObjectHideFlags: 0
  m_CorrespondingSourceObject: {fileID: 0}
  m_PrefabInstance: {fileID: 0}
  m_PrefabAsset: {fileID: 0}
  m_GameObject: {fileID: 365}
  m_Enabled: 1
  m_EditorHideFlags: 0
  m_Script: {fileID: 11500000, guid: 32c8d6c7b20d44f7fb506fa3f9c49c41, type: 3}
  m_Name: 
  m_EditorClassIdentifier: 
  alpha: 0
  shapeIndex: 0
--- !u!1 &368
GameObject:
  m_ObjectHideFlags: 0
  m_CorrespondingSourceObject: {fileID: 0}
  m_PrefabInstance: {fileID: 0}
  m_PrefabAsset: {fileID: 0}
  serializedVersion: 6
  m_Component:
  - component: {fileID: 484}
  - component: {fileID: 637}
  - component: {fileID: 589}
  - component: {fileID: 909}
  m_Layer: 13
  m_Name: face
  m_TagString: Untagged
  m_Icon: {fileID: 0}
  m_NavMeshLayer: 0
  m_StaticEditorFlags: 0
  m_IsActive: 1
--- !u!4 &484
Transform:
  m_ObjectHideFlags: 0
  m_CorrespondingSourceObject: {fileID: 0}
  m_PrefabInstance: {fileID: 0}
  m_PrefabAsset: {fileID: 0}
  m_GameObject: {fileID: 368}
  m_LocalRotation: {x: 0, y: 0, z: 0, w: 1}
  m_LocalPosition: {x: 0.0003, y: 0.0312, z: 0.001}
  m_LocalScale: {x: 0.5, y: 0.5, z: 1}
  m_Children: []
  m_Father: {fileID: 466}
  m_RootOrder: 0
  m_LocalEulerAnglesHint: {x: 0, y: 0, z: 0}
--- !u!33 &637
MeshFilter:
  m_ObjectHideFlags: 0
  m_CorrespondingSourceObject: {fileID: 0}
  m_PrefabInstance: {fileID: 0}
  m_PrefabAsset: {fileID: 0}
  m_GameObject: {fileID: 368}
  m_Mesh: {fileID: 4300010, guid: 800310678967343958103140803e5f5c, type: 3}
--- !u!23 &589
MeshRenderer:
  m_ObjectHideFlags: 0
  m_CorrespondingSourceObject: {fileID: 0}
  m_PrefabInstance: {fileID: 0}
  m_PrefabAsset: {fileID: 0}
  m_GameObject: {fileID: 368}
  m_Enabled: 1
  m_CastShadows: 0
  m_ReceiveShadows: 0
  m_DynamicOccludee: 1
  m_MotionVectors: 1
  m_LightProbeUsage: 1
  m_ReflectionProbeUsage: 1
  m_RenderingLayerMask: 1
  m_RendererPriority: 0
  m_Materials:
  - {fileID: 2100000, guid: 29d711ab05f2047e2a9323fbe61fad98, type: 2}
  m_StaticBatchInfo:
    firstSubMesh: 0
    subMeshCount: 0
  m_StaticBatchRoot: {fileID: 0}
  m_ProbeAnchor: {fileID: 0}
  m_LightProbeVolumeOverride: {fileID: 0}
  m_ScaleInLightmap: 1
  m_ReceiveGI: 1
  m_PreserveUVs: 0
  m_IgnoreNormalsForChartDetection: 0
  m_ImportantGI: 0
  m_StitchLightmapSeams: 0
  m_SelectedEditorRenderState: 3
  m_MinimumChartSize: 4
  m_AutoUVMaxDistance: 0.5
  m_AutoUVMaxAngle: 89
  m_LightmapParameters: {fileID: 0}
  m_SortingLayerID: 0
  m_SortingLayer: 0
  m_SortingOrder: 0
--- !u!114 &909
MonoBehaviour:
  m_ObjectHideFlags: 0
  m_CorrespondingSourceObject: {fileID: 0}
  m_PrefabInstance: {fileID: 0}
  m_PrefabAsset: {fileID: 0}
  m_GameObject: {fileID: 368}
  m_Enabled: 1
  m_EditorHideFlags: 0
  m_Script: {fileID: 11500000, guid: 2ade17e23b70b4b7ba3d7e8598b886a9, type: 3}
  m_Name: 
  m_EditorClassIdentifier: 
  mr: {fileID: 589}
  mf: {fileID: 637}
  startAnim: idle
  isPlaying: 1
  playAtAStart: 1
  anims:
  - name: idle
    fps: 0
    sprites:
    - {fileID: 21300032, guid: 8f76102b7f7fb41e28a2c2a84c488a8f, type: 3}
  - name: unhappy
    fps: 0
    sprites:
    - {fileID: 21300552, guid: 8f76102b7f7fb41e28a2c2a84c488a8f, type: 3}
  - name: happy
    fps: 0
    sprites:
    - {fileID: 21300036, guid: 8f76102b7f7fb41e28a2c2a84c488a8f, type: 3}
  - name: sleep
    fps: 0
    sprites:
    - {fileID: 21300034, guid: 8f76102b7f7fb41e28a2c2a84c488a8f, type: 3}
--- !u!1 &377
GameObject:
  m_ObjectHideFlags: 0
  m_CorrespondingSourceObject: {fileID: 0}
  m_PrefabInstance: {fileID: 0}
  m_PrefabAsset: {fileID: 0}
  serializedVersion: 6
  m_Component:
  - component: {fileID: 471}
  - component: {fileID: 647}
  - component: {fileID: 585}
  - component: {fileID: 895}
  m_Layer: 13
  m_Name: healthbar
  m_TagString: Untagged
  m_Icon: {fileID: 0}
  m_NavMeshLayer: 0
  m_StaticEditorFlags: 0
  m_IsActive: 0
--- !u!4 &471
Transform:
  m_ObjectHideFlags: 0
  m_CorrespondingSourceObject: {fileID: 0}
  m_PrefabInstance: {fileID: 0}
  m_PrefabAsset: {fileID: 0}
  m_GameObject: {fileID: 377}
  m_LocalRotation: {x: 0, y: 1, z: 0, w: 0}
  m_LocalPosition: {x: -0.09999998, y: -0.08567155, z: 0.010641886}
  m_LocalScale: {x: 1, y: 1, z: 1}
  m_Children: []
  m_Father: {fileID: 498}
  m_RootOrder: 1
  m_LocalEulerAnglesHint: {x: 0, y: 180, z: 0}
--- !u!33 &647
MeshFilter:
  m_ObjectHideFlags: 0
  m_CorrespondingSourceObject: {fileID: 0}
  m_PrefabInstance: {fileID: 0}
  m_PrefabAsset: {fileID: 0}
  m_GameObject: {fileID: 377}
  m_Mesh: {fileID: 4300008, guid: 800310678967343958103140803e5f5c, type: 3}
--- !u!23 &585
MeshRenderer:
  m_ObjectHideFlags: 0
  m_CorrespondingSourceObject: {fileID: 0}
  m_PrefabInstance: {fileID: 0}
  m_PrefabAsset: {fileID: 0}
  m_GameObject: {fileID: 377}
  m_Enabled: 1
  m_CastShadows: 0
  m_ReceiveShadows: 0
  m_DynamicOccludee: 1
  m_MotionVectors: 1
  m_LightProbeUsage: 1
  m_ReflectionProbeUsage: 1
  m_RenderingLayerMask: 1
  m_RendererPriority: 0
  m_Materials:
  - {fileID: 2100000, guid: 2fe71a4007f7b437885da2d69ef4defe, type: 2}
  m_StaticBatchInfo:
    firstSubMesh: 0
    subMeshCount: 0
  m_StaticBatchRoot: {fileID: 0}
  m_ProbeAnchor: {fileID: 0}
  m_LightProbeVolumeOverride: {fileID: 0}
  m_ScaleInLightmap: 1
  m_ReceiveGI: 1
  m_PreserveUVs: 0
  m_IgnoreNormalsForChartDetection: 0
  m_ImportantGI: 0
  m_StitchLightmapSeams: 0
  m_SelectedEditorRenderState: 3
  m_MinimumChartSize: 4
  m_AutoUVMaxDistance: 0.5
  m_AutoUVMaxAngle: 89
  m_LightmapParameters: {fileID: 0}
  m_SortingLayerID: 0
  m_SortingLayer: 0
  m_SortingOrder: 0
--- !u!114 &895
MonoBehaviour:
  m_ObjectHideFlags: 0
  m_CorrespondingSourceObject: {fileID: 0}
  m_PrefabInstance: {fileID: 0}
  m_PrefabAsset: {fileID: 0}
  m_GameObject: {fileID: 377}
  m_Enabled: 1
  m_EditorHideFlags: 0
  m_Script: {fileID: 11500000, guid: 32c8d6c7b20d44f7fb506fa3f9c49c41, type: 3}
  m_Name: 
  m_EditorClassIdentifier: 
  alpha: 0
  shapeIndex: 0
--- !u!1 &381
GameObject:
  m_ObjectHideFlags: 0
  m_CorrespondingSourceObject: {fileID: 0}
  m_PrefabInstance: {fileID: 0}
  m_PrefabAsset: {fileID: 0}
  serializedVersion: 6
  m_Component:
  - component: {fileID: 488}
  m_Layer: 13
  m_Name: Right Hand Items
  m_TagString: Untagged
  m_Icon: {fileID: 0}
  m_NavMeshLayer: 0
  m_StaticEditorFlags: 0
  m_IsActive: 1
--- !u!4 &488
Transform:
  m_ObjectHideFlags: 0
  m_CorrespondingSourceObject: {fileID: 0}
  m_PrefabInstance: {fileID: 0}
  m_PrefabAsset: {fileID: 0}
  m_GameObject: {fileID: 381}
  m_LocalRotation: {x: 0, y: 1, z: 0, w: 0}
  m_LocalPosition: {x: -0.0324, y: -0.0147, z: -0}
  m_LocalScale: {x: 1, y: 1, z: 1}
  m_Children: []
  m_Father: {fileID: 466}
  m_RootOrder: 1
  m_LocalEulerAnglesHint: {x: 0, y: 180, z: 0}
--- !u!1 &382
GameObject:
  m_ObjectHideFlags: 0
  m_CorrespondingSourceObject: {fileID: 0}
  m_PrefabInstance: {fileID: 0}
  m_PrefabAsset: {fileID: 0}
  serializedVersion: 6
  m_Component:
  - component: {fileID: 469}
  m_Layer: 13
  m_Name: Right Hand
  m_TagString: Untagged
  m_Icon: {fileID: 0}
  m_NavMeshLayer: 0
  m_StaticEditorFlags: 0
  m_IsActive: 1
--- !u!4 &469
Transform:
  m_ObjectHideFlags: 0
  m_CorrespondingSourceObject: {fileID: 0}
  m_PrefabInstance: {fileID: 0}
  m_PrefabAsset: {fileID: 0}
  m_GameObject: {fileID: 382}
  m_LocalRotation: {x: 0, y: 1, z: 0, w: 0}
  m_LocalPosition: {x: -0.14, y: 0.06, z: -0}
  m_LocalScale: {x: 1, y: 1, z: 1}
  m_Children: []
  m_Father: {fileID: 466}
  m_RootOrder: 3
  m_LocalEulerAnglesHint: {x: 0, y: 180, z: 0}
