%YAML 1.1
%TAG !u! tag:unity3d.com,2011:
--- !u!1 &361
GameObject:
  m_ObjectHideFlags: 0
  m_CorrespondingSourceObject: {fileID: 0}
  m_PrefabInstance: {fileID: 0}
  m_PrefabAsset: {fileID: 0}
  serializedVersion: 6
  m_Component:
  - component: {fileID: 564}
  - component: {fileID: 1740}
  - component: {fileID: 1730}
  - component: {fileID: 1086}
  - component: {fileID: 885}
  - component: {fileID: 1755}
  - component: {fileID: 1754}
  - component: {fileID: 1734}
  - component: {fileID: 1310}
  - component: {fileID: 1736}
  - component: {fileID: 1748}
  m_Layer: 17
  m_Name: DeadbodySprite
  m_TagString: Untagged
  m_Icon: {fileID: 0}
  m_NavMeshLayer: 0
  m_StaticEditorFlags: 0
  m_IsActive: 1
--- !u!4 &564
Transform:
  m_ObjectHideFlags: 0
  m_CorrespondingSourceObject: {fileID: 0}
  m_PrefabInstance: {fileID: 0}
  m_PrefabAsset: {fileID: 0}
  m_GameObject: {fileID: 361}
  m_LocalRotation: {x: 0.7071068, y: 0, z: 0, w: 0.7071068}
  m_LocalPosition: {x: 23.361998, y: 0.062, z: 22.256279}
  m_LocalScale: {x: 1, y: 1, z: 1}
  m_Children: []
  m_Father: {fileID: 0}
  m_RootOrder: 0
  m_LocalEulerAnglesHint: {x: 90, y: 0, z: 0}
--- !u!114 &1740
MonoBehaviour:
  m_ObjectHideFlags: 0
  m_CorrespondingSourceObject: {fileID: 0}
  m_PrefabInstance: {fileID: 0}
  m_PrefabAsset: {fileID: 0}
  m_GameObject: {fileID: 361}
  m_Enabled: 1
  m_EditorHideFlags: 0
  m_Script: {fileID: 11500000, guid: 368ebdd65ffc34a3580a99a4db7b97a7, type: 3}
  m_Name: 
  m_EditorClassIdentifier: 
  id: 0
  bb: {fileID: 1730}
  brown: {r: 0.297, g: 0.22779897, b: 0.15859799, a: 1}
  SpriteName: 
  Scale: 0
  AgeSeconds: 0
  TeamName: 
  CharacterName: 
  Kills: 0
--- !u!114 &1730
MonoBehaviour:
  m_ObjectHideFlags: 0
  m_CorrespondingSourceObject: {fileID: 0}
  m_PrefabInstance: {fileID: 0}
  m_PrefabAsset: {fileID: 0}
  m_GameObject: {fileID: 361}
  m_Enabled: 1
  m_EditorHideFlags: 0
  m_Script: {fileID: 11500000, guid: 97716fe5f1ab5406494e796838c91b4a, type: 3}
  m_Name: 
  m_EditorClassIdentifier: 
  faceCamera: 0
  keepUpright: 0
  flip: 0
  showImage: 1
  mr: {fileID: 885}
  mf: {fileID: 1086}
  sprite: {fileID: 21300310, guid: 8f76102b7f7fb41e28a2c2a84c488a8f, type: 3}
--- !u!33 &1086
MeshFilter:
  m_ObjectHideFlags: 0
  m_CorrespondingSourceObject: {fileID: 0}
  m_PrefabInstance: {fileID: 0}
  m_PrefabAsset: {fileID: 0}
  m_GameObject: {fileID: 361}
  m_Mesh: {fileID: 4300012, guid: 800310678967343958103140803e5f5c, type: 3}
--- !u!23 &885
MeshRenderer:
  m_ObjectHideFlags: 0
  m_CorrespondingSourceObject: {fileID: 0}
  m_PrefabInstance: {fileID: 0}
  m_PrefabAsset: {fileID: 0}
  m_GameObject: {fileID: 361}
  m_Enabled: 1
  m_CastShadows: 0
  m_ReceiveShadows: 1
  m_DynamicOccludee: 1
  m_MotionVectors: 2
  m_LightProbeUsage: 0
  m_ReflectionProbeUsage: 0
  m_RenderingLayerMask: 1
  m_RendererPriority: 0
  m_Materials:
  - {fileID: 2100000, guid: 7fb624c5b762a41c988f8028e3eee565, type: 2}
  m_StaticBatchInfo:
    firstSubMesh: 0
    subMeshCount: 0
  m_StaticBatchRoot: {fileID: 0}
  m_ProbeAnchor: {fileID: 0}
  m_LightProbeVolumeOverride: {fileID: 0}
  m_ScaleInLightmap: 1
  m_ReceiveGI: 1
  m_PreserveUVs: 0
  m_IgnoreNormalsForChartDetection: 0
  m_ImportantGI: 0
  m_StitchLightmapSeams: 0
  m_SelectedEditorRenderState: 3
  m_MinimumChartSize: 4
  m_AutoUVMaxDistance: 0.5
  m_AutoUVMaxAngle: 89
  m_LightmapParameters: {fileID: 0}
  m_SortingLayerID: 0
  m_SortingLayer: 0
  m_SortingOrder: 0
--- !u!114 &1755
MonoBehaviour:
  m_ObjectHideFlags: 0
  m_CorrespondingSourceObject: {fileID: 0}
  m_PrefabInstance: {fileID: 0}
  m_PrefabAsset: {fileID: 0}
  m_GameObject: {fileID: 361}
  m_Enabled: 1
  m_EditorHideFlags: 0
  m_Script: {fileID: 11500000, guid: 0e5924121de9c4b79876cc78acd23e89, type: 3}
  m_Name: 
  m_EditorClassIdentifier: 
  serialize: 1
  id: -7717982
--- !u!114 &1754
MonoBehaviour:
  m_ObjectHideFlags: 0
  m_CorrespondingSourceObject: {fileID: 0}
  m_PrefabInstance: {fileID: 0}
  m_PrefabAsset: {fileID: 0}
  m_GameObject: {fileID: 361}
  m_Enabled: 1
  m_EditorHideFlags: 0
  m_Script: {fileID: 11500000, guid: d3b1e4c44ca8743e1afc2024653c1a42, type: 3}
  m_Name: 
  m_EditorClassIdentifier: 
  tags: 050000000300000007000000
--- !u!114 &1734
MonoBehaviour:
  m_ObjectHideFlags: 0
  m_CorrespondingSourceObject: {fileID: 0}
  m_PrefabInstance: {fileID: 0}
  m_PrefabAsset: {fileID: 0}
  m_GameObject: {fileID: 361}
  m_Enabled: 1
  m_EditorHideFlags: 0
  m_Script: {fileID: 11500000, guid: 1e3fdca004f2d45fe8abbed571a8abd5, type: 3}
  m_Name: 
  m_EditorClassIdentifier: 
  m_OverrideArea: 0
  m_Area: 0
  m_IgnoreFromBuild: 1
  m_AffectedAgents: ffffffff
--- !u!65 &1310
BoxCollider:
  m_ObjectHideFlags: 0
  m_CorrespondingSourceObject: {fileID: 0}
  m_PrefabInstance: {fileID: 0}
  m_PrefabAsset: {fileID: 0}
  m_GameObject: {fileID: 361}
  m_Material: {fileID: 0}
  m_IsTrigger: 0
  m_Enabled: 1
  serializedVersion: 2
  m_Size: {x: 0.25, y: 0.25000003, z: 0.05}
  m_Center: {x: 0, y: 0, z: 0}
--- !u!114 &1736
MonoBehaviour:
  m_ObjectHideFlags: 0
  m_CorrespondingSourceObject: {fileID: 0}
  m_PrefabInstance: {fileID: 0}
  m_PrefabAsset: {fileID: 0}
  m_GameObject: {fileID: 361}
  m_Enabled: 0
  m_EditorHideFlags: 0
  m_Script: {fileID: 11500000, guid: b354d2a7dbe8646c6a420d77974217c2, type: 3}
  m_Name: 
  m_EditorClassIdentifier: 
  moveTransform: {fileID: 0}
  targetTransform: {fileID: 0}
  WorldTarget: 0
  targetPositionWorld: {x: 0, y: 0, z: 0}
  targetRotationForward: {x: 0, y: 0, z: 0}
  targetRotationUp: {x: 0, y: 0, z: 0}
  localOffset: {x: 0, y: 0, z: 0}
  duration: 1
  lerpType: 0
  translateCurve:
    serializedVersion: 2
    m_Curve:
    - serializedVersion: 3
      time: 0
      value: 0
      inSlope: 1
      outSlope: 1
      tangentMode: 34
      weightedMode: 0
      inWeight: 0.33333334
      outWeight: 0.33333334
    - serializedVersion: 3
      time: 1
      value: 1
      inSlope: 1
      outSlope: 1
      tangentMode: 34
      weightedMode: 0
      inWeight: 0.33333334
      outWeight: 0.33333334
    m_PreInfinity: 2
    m_PostInfinity: 2
    m_RotationOrder: 0
  rotateCurve:
    serializedVersion: 2
    m_Curve:
    - serializedVersion: 3
      time: 0
      value: 0
      inSlope: 0
      outSlope: 0
      tangentMode: 0
      weightedMode: 0
      inWeight: 0.33333334
      outWeight: 0.33333334
    - serializedVersion: 3
      time: 1
      value: 1
      inSlope: 0
      outSlope: 0
      tangentMode: 0
      weightedMode: 0
      inWeight: 0.33333334
      outWeight: 0.33333334
    m_PreInfinity: 2
    m_PostInfinity: 2
    m_RotationOrder: 0
  LerpRotation: 0
  IgnoreYaw: 1
  Scale: 0
  targetScale: 1
  Continuous: 0
  Rigidbody: 0
  force: 1
  UseMaxDistance: 0
  MaxDistance: 2
--- !u!114 &1748
MonoBehaviour:
  m_ObjectHideFlags: 0
  m_CorrespondingSourceObject: {fileID: 0}
  m_PrefabInstance: {fileID: 0}
  m_PrefabAsset: {fileID: 0}
  m_GameObject: {fileID: 361}
  m_Enabled: 1
  m_EditorHideFlags: 0
  m_Script: {fileID: 11500000, guid: 80c9218fbf2b2402f8c3586b191f05e6, type: 3}
  m_Name: 
  m_EditorClassIdentifier: 
  Item: {fileID: 0}
  lerp: {fileID: 1736}
  IsHeld: 0
  HeldByCharacter: {fileID: 0}
  PreserveConstraintsWhenDropped: 1
  CreateRigidbodyWhenCarried: 1
  cachedConstraints: 0
  GroundForward: {x: 0, y: -1, z: 0}
  GroundUp: {x: 0, y: 0, z: 1}
  EquippedOffset: {x: 0, y: 0, z: 0}
  EquippedForward: {x: 0, y: 0, z: 1}
  EquippedUp: {x: 0, y: 1, z: 0}
