%YAML 1.1
%TAG !u! tag:unity3d.com,2011:
--- !u!1 &324
GameObject:
  m_ObjectHideFlags: 0
  m_CorrespondingSourceObject: {fileID: 0}
  m_PrefabInstance: {fileID: 0}
  m_PrefabAsset: {fileID: 0}
  serializedVersion: 6
  m_Component:
  - component: {fileID: 704}
  - component: {fileID: 1210}
  - component: {fileID: 1452}
  - component: {fileID: 1055}
  - component: {fileID: 1285}
  - component: {fileID: 2445}
  - component: {fileID: 1982}
  - component: {fileID: 2105}
  - component: {fileID: 1907}
  - component: {fileID: 2356}
  - component: {fileID: 2045}
  - component: {fileID: 1573}
  m_Layer: 9
  m_Name: pile-wood
  m_TagString: Untagged
  m_Icon: {fileID: 0}
  m_NavMeshLayer: 0
  m_StaticEditorFlags: 0
  m_IsActive: 1
--- !u!4 &704
Transform:
  m_ObjectHideFlags: 0
  m_CorrespondingSourceObject: {fileID: 0}
  m_PrefabInstance: {fileID: 0}
  m_PrefabAsset: {fileID: 0}
  m_GameObject: {fileID: 324}
  m_LocalRotation: {x: -0, y: -0.026010446, z: -0, w: 0.9996617}
  m_LocalPosition: {x: -0.41, y: 0, z: -0.152}
  m_LocalScale: {x: 1, y: 1, z: 1}
  m_Children: []
  m_Father: {fileID: 0}
  m_RootOrder: 0
  m_LocalEulerAnglesHint: {x: 0, y: -2.9810002, z: 0}
--- !u!33 &1210
MeshFilter:
  m_ObjectHideFlags: 0
  m_CorrespondingSourceObject: {fileID: 0}
  m_PrefabInstance: {fileID: 0}
  m_PrefabAsset: {fileID: 0}
  m_GameObject: {fileID: 324}
  m_Mesh: {fileID: 4300234, guid: 6bdea92d8756747228e8077b07e8f4ea, type: 3}
--- !u!65 &1452
BoxCollider:
  m_ObjectHideFlags: 0
  m_CorrespondingSourceObject: {fileID: 0}
  m_PrefabInstance: {fileID: 0}
  m_PrefabAsset: {fileID: 0}
  m_GameObject: {fileID: 324}
  m_Material: {fileID: 0}
  m_IsTrigger: 0
  m_Enabled: 1
  serializedVersion: 2
  m_Size: {x: 0.4, y: 0.4, z: 0.4}
  m_Center: {x: 0, y: 0.2, z: 0}
--- !u!23 &1055
MeshRenderer:
  m_ObjectHideFlags: 0
  m_CorrespondingSourceObject: {fileID: 0}
  m_PrefabInstance: {fileID: 0}
  m_PrefabAsset: {fileID: 0}
  m_GameObject: {fileID: 324}
  m_Enabled: 1
  m_CastShadows: 1
  m_ReceiveShadows: 1
  m_DynamicOccludee: 1
  m_MotionVectors: 1
  m_LightProbeUsage: 1
  m_ReflectionProbeUsage: 1
  m_RenderingLayerMask: 1
  m_RendererPriority: 0
  m_Materials:
  - {fileID: 2100000, guid: 000575c00d4a941c1b0a9e113654693e, type: 2}
  m_StaticBatchInfo:
    firstSubMesh: 0
    subMeshCount: 0
  m_StaticBatchRoot: {fileID: 0}
  m_ProbeAnchor: {fileID: 0}
  m_LightProbeVolumeOverride: {fileID: 0}
  m_ScaleInLightmap: 1
  m_ReceiveGI: 1
  m_PreserveUVs: 1
  m_IgnoreNormalsForChartDetection: 0
  m_ImportantGI: 0
  m_StitchLightmapSeams: 0
  m_SelectedEditorRenderState: 3
  m_MinimumChartSize: 4
  m_AutoUVMaxDistance: 0.5
  m_AutoUVMaxAngle: 89
  m_LightmapParameters: {fileID: 0}
  m_SortingLayerID: 0
  m_SortingLayer: 0
  m_SortingOrder: 0
--- !u!54 &1285
Rigidbody:
  m_ObjectHideFlags: 0
  m_CorrespondingSourceObject: {fileID: 0}
  m_PrefabInstance: {fileID: 0}
  m_PrefabAsset: {fileID: 0}
  m_GameObject: {fileID: 324}
  serializedVersion: 2
  m_Mass: 10
  m_Drag: 10
  m_AngularDrag: 10
  m_UseGravity: 1
  m_IsKinematic: 0
  m_Interpolate: 0
  m_Constraints: 0
  m_CollisionDetection: 0
--- !u!114 &2445
MonoBehaviour:
  m_ObjectHideFlags: 0
  m_CorrespondingSourceObject: {fileID: 0}
  m_PrefabInstance: {fileID: 0}
  m_PrefabAsset: {fileID: 0}
  m_GameObject: {fileID: 324}
  m_Enabled: 1
  m_EditorHideFlags: 0
  m_Script: {fileID: 11500000, guid: 0e5924121de9c4b79876cc78acd23e89, type: 3}
  m_Name: 
  m_EditorClassIdentifier: 
  serialize: 1
  id: 688156
--- !u!114 &1982
MonoBehaviour:
  m_ObjectHideFlags: 0
  m_CorrespondingSourceObject: {fileID: 0}
  m_PrefabInstance: {fileID: 0}
  m_PrefabAsset: {fileID: 0}
  m_GameObject: {fileID: 324}
  m_Enabled: 1
  m_EditorHideFlags: 0
  m_Script: {fileID: 11500000, guid: 415903a73c41a4aa8b0d4f01d55d5b2b, type: 3}
  m_Name: 
  m_EditorClassIdentifier: 
  id: 0
  snap: 0.01
  showPreview: 0
  carry: {fileID: 2105}
  mount:
  - pos: {x: -0.12708989, y: 0.06549662, z: -0.0052926857}
    rot: {x: 0, y: 0, z: 0, w: 1}
  - pos: {x: 0.0042026322, y: 0.06549662, z: 0.003786563}
    rot: {x: 0, y: 0, z: 0, w: 1}
  - pos: {x: 0.12986036, y: 0.06854507, z: -0.0009995892}
    rot: {x: 0, y: 0, z: 0, w: 1}
  - pos: {x: -0.068759926, y: 0.14963084, z: 0.0018950984}
    rot: {x: 0, y: 0, z: 0, w: 1}
  - pos: {x: 0.061965365, y: 0.15572251, z: -0.00089372956}
    rot: {x: 0, y: 0, z: 0, w: 1}
  - pos: {x: -0.00041936882, y: 0.23060709, z: -0.00063465966}
    rot: {x: 0, y: 0, z: 0, w: 1}
  templateObject: {fileID: 1786078245590906, guid: 3ba835243fe0840b5847771c409ed453,
    type: 3}
  spawnPrefab: {fileID: 348, guid: bd10ce92baef54156819cb9561ab957c, type: 3}
  spawnDistance: 0.5
  count: 0
--- !u!114 &2105
MonoBehaviour:
  m_ObjectHideFlags: 0
  m_CorrespondingSourceObject: {fileID: 0}
  m_PrefabInstance: {fileID: 0}
  m_PrefabAsset: {fileID: 0}
  m_GameObject: {fileID: 324}
  m_Enabled: 1
  m_EditorHideFlags: 0
  m_Script: {fileID: 11500000, guid: 80c9218fbf2b2402f8c3586b191f05e6, type: 3}
  m_Name: 
  m_EditorClassIdentifier: 
  Item: {fileID: 0}
  lerp: {fileID: 0}
  IsHeld: 0
  HeldByCharacter: {fileID: 0}
  PreserveConstraintsWhenDropped: 1
  CreateRigidbodyWhenCarried: 0
  cachedConstraints: 0
  GroundForward: {x: 0, y: 0, z: 1}
  GroundUp: {x: 0, y: 1, z: 0}
  EquippedOffset: {x: 0, y: 0, z: 0}
  EquippedForward: {x: 0, y: 0, z: 1}
  EquippedUp: {x: 0, y: 1, z: 0}
--- !u!114 &1907
MonoBehaviour:
  m_ObjectHideFlags: 0
  m_CorrespondingSourceObject: {fileID: 0}
  m_PrefabInstance: {fileID: 0}
  m_PrefabAsset: {fileID: 0}
  m_GameObject: {fileID: 324}
  m_Enabled: 0
  m_EditorHideFlags: 0
  m_Script: {fileID: 11500000, guid: b354d2a7dbe8646c6a420d77974217c2, type: 3}
  m_Name: 
  m_EditorClassIdentifier: 
  moveTransform: {fileID: 0}
  targetTransform: {fileID: 0}
  WorldTarget: 0
  targetPositionWorld: {x: 0, y: 0, z: 0}
  targetRotationForward: {x: 0, y: 0, z: 0}
  targetRotationUp: {x: 0, y: 0, z: 0}
  localOffset: {x: 0, y: 0, z: 0}
  duration: 1
  lerpType: 0
  translateCurve:
    serializedVersion: 2
    m_Curve: []
    m_PreInfinity: 2
    m_PostInfinity: 2
    m_RotationOrder: 4
  rotateCurve:
    serializedVersion: 2
    m_Curve: []
    m_PreInfinity: 2
    m_PostInfinity: 2
    m_RotationOrder: 4
  LerpRotation: 0
  IgnoreYaw: 1
  Scale: 0
  targetScale: 1
  Continuous: 0
  Rigidbody: 0
  force: 1
  UseMaxDistance: 0
  MaxDistance: 2
--- !u!114 &2356
MonoBehaviour:
  m_ObjectHideFlags: 0
  m_CorrespondingSourceObject: {fileID: 0}
  m_PrefabInstance: {fileID: 0}
  m_PrefabAsset: {fileID: 0}
  m_GameObject: {fileID: 324}
  m_Enabled: 1
  m_EditorHideFlags: 0
  m_Script: {fileID: 11500000, guid: d3b1e4c44ca8743e1afc2024653c1a42, type: 3}
  m_Name: 
  m_EditorClassIdentifier: 
  tags: 03000000
--- !u!114 &2045
MonoBehaviour:
  m_ObjectHideFlags: 0
  m_CorrespondingSourceObject: {fileID: 0}
  m_PrefabInstance: {fileID: 0}
  m_PrefabAsset: {fileID: 0}
  m_GameObject: {fileID: 324}
  m_Enabled: 1
  m_EditorHideFlags: 0
  m_Script: {fileID: 11500000, guid: 90df378947a2148b6bddb86417cfedab, type: 3}
  m_Name: 
  m_EditorClassIdentifier: 
  id: 0
  ClaimedBy: {fileID: 0}
  textMesh: {fileID: 0}
  CommunalDestination: 1
  ArrivalRadius: 0.5
  GatherDestinationTags: 07000000
  HomeForTags: 
  EditorColor: {r: 1, g: 0, b: 1, a: 0.1}
  GenericIntParam: 0
  GenericFloatParam: 0
--- !u!208 &1573
NavMeshObstacle:
  m_ObjectHideFlags: 0
  m_CorrespondingSourceObject: {fileID: 0}
  m_PrefabInstance: {fileID: 0}
  m_PrefabAsset: {fileID: 0}
  m_GameObject: {fileID: 324}
  m_Enabled: 1
  serializedVersion: 3
  m_Shape: 0
  m_Extents: {x: 0.12, y: 0.015000001, z: 0.12}
  m_MoveThreshold: 0.1
  m_Carve: 1
  m_CarveOnlyStationary: 1
  m_Center: {x: 0, y: 0.015000001, z: 0}
  m_TimeToStationary: 0.5
