%YAML 1.1
%TAG !u! tag:unity3d.com,2011:
--- !u!1 &189
GameObject:
  m_ObjectHideFlags: 0
  m_CorrespondingSourceObject: {fileID: 0}
  m_PrefabInstance: {fileID: 0}
  m_PrefabAsset: {fileID: 0}
  serializedVersion: 6
  m_Component:
  - component: {fileID: 573}
  - component: {fileID: 1765}
  - component: {fileID: 1525}
  - component: {fileID: 1264}
  - component: {fileID: 1773}
  - component: {fileID: 1768}
  - component: {fileID: 1481}
  - component: {fileID: 1911}
  - component: {fileID: 1808}
  - component: {fileID: 2124}
  - component: {fileID: 1888}
  m_Layer: 13
  m_Name: Seeker
  m_TagString: Untagged
  m_Icon: {fileID: -6488666005112524639, guid: 0000000000000000d000000000000000, type: 0}
  m_NavMeshLayer: 0
  m_StaticEditorFlags: 0
  m_IsActive: 1
--- !u!4 &573
Transform:
  m_ObjectHideFlags: 0
  m_CorrespondingSourceObject: {fileID: 0}
  m_PrefabInstance: {fileID: 0}
  m_PrefabAsset: {fileID: 0}
  m_GameObject: {fileID: 189}
  m_LocalRotation: {x: 0, y: 0, z: 0, w: 1}
  m_LocalPosition: {x: 2.068, y: 0.12, z: 2.512}
  m_LocalScale: {x: 1, y: 1, z: 1}
  m_Children:
  - {fileID: 849}
  - {fileID: 576}
  m_Father: {fileID: 0}
  m_RootOrder: 0
  m_LocalEulerAnglesHint: {x: 0, y: 0, z: 0}
--- !u!114 &1765
MonoBehaviour:
  m_ObjectHideFlags: 0
  m_CorrespondingSourceObject: {fileID: 0}
  m_PrefabInstance: {fileID: 0}
  m_PrefabAsset: {fileID: 0}
  m_GameObject: {fileID: 189}
  m_Enabled: 1
  m_EditorHideFlags: 0
  m_Script: {fileID: 11500000, guid: 0c6c023276a0a4138892a84f9be037bb, type: 3}
  m_Name: 
  m_EditorClassIdentifier: 
  id: 0
  IntrinsicInterests: []
  VocationInterests: []
  PersonalInterests: []
  Interests:
  - verb: Investigate
    type: 0
    tag: 4
    InstanceID: 0
    OtherType: 
    OverridePriority: 0
    Priority: 0
    condition: 
    AlwaysConsider: 0
    go: {fileID: 0}
    objectPositionWhenSensed: {x: 0, y: 0, z: 0}
  ActiveInterests: []
  DebugAffinity: []
  SerializedAffinity: 
  KnownEventID: 
  AttackTags: 
  CharacterName: Seeker
  IdentityName: beast
  SkinIndex: 0
  TeamName: monster
  Vocation: {fileID: 0}
  VocationName: 
  speechTextMesh: {fileID: 1496}
  textRenderer: {fileID: 1058}
  speechTimeout: {fileID: 2021}
  FaceAnim: {fileID: 0}
  CurrentStateName: 
  StateParameters: []
  Stack: []
  CurrentState:
    Name: 
    Priority: 0
    IsPlayerState: 0
    SourceInterest:
      verb: 
      type: 0
      tag: 0
      InstanceID: 0
      OtherType: 
      OverridePriority: 0
      Priority: 0
      condition: 
      AlwaysConsider: 0
      go: {fileID: 0}
      objectPositionWhenSensed: {x: 0, y: 0, z: 0}
  MoveDirection: {x: 0, y: 0, z: 0}
  FaceDirection: {x: 0, y: 0, z: 0}
  FaceDirectionOfMovement: 1
  TurnSpeed: 180
  WalkSpeed: 13
  SprintSpeedLow: 20
  SprintSpeedHigh: 25
  DebugVelocity: 0
  runBounceRate: 10
  minRunRate: 0.1
  maxRunRate: 10
  moveThreshold: 0.1
  SidestepAvoidance: 1
  HasPath: 0
  WaypointRadii: 0.1
  DestinationRadius: 0.3
  DestinationPosition: {x: 0, y: 0, z: 0}
  waypoint: []
  Health: 1
  HealthFullLow: 1
  HealthFullHigh: 1
  HealthRegenAmount: 0
  TakeDamageSound: {fileID: 8300000, guid: 923642581b2d04ea6be2693d5a9ad8e7, type: 3}
  DamageIgnore: 
  healthBar: {fileID: 2088}
  Home: {fileID: 0}
  Bed: {fileID: 0}
  KnownDestinations: []
  KnownDestinationsID: 
  CanAge: 1
  Age: 0
  AgeUpdateInterval: 1
  AgeMaxSeconds: 300
  BallSizeNormal:
    serializedVersion: 2
    m_Curve:
    - serializedVersion: 3
      time: 0
      value: 0.05
      inSlope: 0.13999999
      outSlope: 0.13999999
      tangentMode: 34
      weightedMode: 0
      inWeight: 0.33333334
      outWeight: 0.33333334
    - serializedVersion: 3
      time: 0.5
      value: 0.12
      inSlope: 0
      outSlope: 0
      tangentMode: 0
      weightedMode: 0
      inWeight: 0.33333334
      outWeight: 0.33333334
    - serializedVersion: 3
      time: 1
      value: 0.12
      inSlope: 0
      outSlope: 0
      tangentMode: 34
      weightedMode: 0
      inWeight: 0.33333334
      outWeight: 0.33333334
    m_PreInfinity: 2
    m_PostInfinity: 2
    m_RotationOrder: 0
  WalkerOffsetMax: 0
  SpriteScale:
    serializedVersion: 2
    m_Curve:
    - serializedVersion: 3
      time: 0
      value: 0.5
      inSlope: 1
      outSlope: 1
      tangentMode: 34
      weightedMode: 0
      inWeight: 0.33333334
      outWeight: 0.33333334
    - serializedVersion: 3
      time: 0.5
      value: 1
      inSlope: 0
      outSlope: 0
      tangentMode: 0
      weightedMode: 0
      inWeight: 0.33333334
      outWeight: 0.33333334
    - serializedVersion: 3
      time: 1
      value: 1
      inSlope: 0
      outSlope: 0
      tangentMode: 34
      weightedMode: 0
      inWeight: 0.33333334
      outWeight: 0.33333334
    m_PreInfinity: 2
    m_PostInfinity: 2
    m_RotationOrder: 0
  AudioPitchMin: 1.5
  AudioPitchMax: 1
  AudioPitchNormal:
    serializedVersion: 2
    m_Curve:
    - serializedVersion: 3
      time: 0
      value: 1.5
      inSlope: -1
      outSlope: -1
      tangentMode: 34
      weightedMode: 0
      inWeight: 0.33333334
      outWeight: 0.33333334
    - serializedVersion: 3
      time: 0.5
      value: 1
      inSlope: 0
      outSlope: 0
      tangentMode: 0
      weightedMode: 0
      inWeight: 0.33333334
      outWeight: 0.33333334
    - serializedVersion: 3
      time: 1
      value: 1
      inSlope: 0
      outSlope: 0
      tangentMode: 34
      weightedMode: 0
      inWeight: 0.33333334
      outWeight: 0.33333334
    m_PreInfinity: 2
    m_PostInfinity: 2
    m_RotationOrder: 0
  DeadBodyPrefab: {fileID: 1174783586446060, guid: 0c11c0bdf36f44730a16e9fbbd7dd639,
    type: 3}
  DeathPrefab: {fileID: 1000013293028820, guid: a107b988141774d65b240e6d43de4d49,
    type: 3}
  DeathSound: {fileID: 8300000, guid: ca62e4d422f0f4a34b962aab5e41ee69, type: 3}
  KillCount: 0
  killBar: {fileID: 2275}
  lastKillTime: 0
  StaminaFullLow: 3
  StaminaFullHigh: 5
  StaminaLossRate: -1
  StaminaRecoverRate: 1
  StaminaBar: {fileID: 2454}
  Stamina: 3
  StaminaFull: 1
  Wake: 100
  WakeFull: 100
  WakeLossRate: -1
  WakeGainRate: 3
  Rank: 5
  Footprints: 0
  Mouth: {fileID: 2462}
  IsHidden: 0
  tags: {fileID: 1808}
  body: {fileID: 1264}
  myRenderer: {fileID: 1006}
  moveTransform: {fileID: 573}
  billboard: {fileID: 1762}
  walk: {fileID: 1768}
  audioSource: {fileID: 1481}
  ball: {fileID: 1773}
  colorPulse: {fileID: 2467}
  sad: {fileID: 0}
  meshOriginBottom: 0
  JabberPlayer: {fileID: 1888}
  HoldRadius: 0.3
  HeldObject: {fileID: 0}
  IsPregnant: 0
  GestationProgress: 0
  MateInstigator: {fileID: 0}
  RomanceEffect: {fileID: 0}
  SpawnRadius: 0.5
  AmmoPrefab:
  - {fileID: 1835479376986732, guid: 30ccb27fa614e45bca407038df0f6679, type: 3}
  AmmoIndex: 0
  FireIntervalDividen: 1
  shotSpawnDistance: 1
  CurrentWeaponPrefab: {fileID: 0}
  ShieldDownProximity: 2
  ShieldInactiveLocal: {x: -0.2, y: 0.05, z: 0}
  ShieldActiveLocal: {x: -0.05, y: 0.05, z: 0.3}
  UnarmedAttack: 0
  AttackTarget: {fileID: 0}
  FoundTargetSound:
  - {fileID: 8300000, guid: 2288279f9849449dbafacf1d5e2dbeee, type: 3}
  BuildMode: 0
  CurrentPrefabIndex: 0
  CurrentBuildObject: {fileID: 0}
  DecalSprite: {fileID: 21300000, guid: a1adb68da539445ed8cd44f2ff9ac768, type: 3}
  DecalIndex: 0
  CanConverse: 1
  ConverseTarget: {fileID: 0}
  FleeFrom: {fileID: 0}
  FleePatience: 5
  CanFollow: 1
  FollowCharacter: {fileID: 0}
  Followers: []
  GatherDestination: {fileID: 0}
  IdlePatience: 30
  CanPickupItems: 0
  AddTranslateCurve:
    serializedVersion: 2
    m_Curve:
    - serializedVersion: 3
      time: 0
      value: 0
      inSlope: 1
      outSlope: 1
      tangentMode: 34
      weightedMode: 0
      inWeight: 0.33333334
      outWeight: 0.33333334
    - serializedVersion: 3
      time: 1
      value: 1
      inSlope: 1
      outSlope: 1
      tangentMode: 34
      weightedMode: 0
      inWeight: 0.33333334
      outWeight: 0.33333334
    m_PreInfinity: 2
    m_PostInfinity: 2
    m_RotationOrder: 0
  ItemScale: 0.2
  RightHandMount: {fileID: 609}
  RightHandItemMount: {fileID: 757}
  ScaleItemsRight: -0.2
  rightSelectedIndex: 0
  RightHandItem: {fileID: 0}
  RightHandSwag: {fileID: 0}
  RightHandLocal: {x: 0.12, y: 0, z: -0.04}
  LeftHandItemMount: {fileID: 590}
  ScaleItemsLeft: 0.2
  leftSelectedIndex: 0
  LeftHandItem: {fileID: 0}
  swag: []
  RightHandAnimation: {fileID: 0}
  InvestigateRadius: 1
  InvestigateArrivalDistance: 0.5
  InvestigatePatience: 8
  InvestigateAdjustSpeed: 0.1
  isPlayerControlled: 0
  PlayerStrafeMode: 0
  ActionRadius: 1
  ActionRaycastMinimumDot: 0.5
  InteractIndicatorPrefab: {fileID: 1906658728403378, guid: c51667d853b554283bbac6735f176b00,
    type: 3}
  CanSleep: 0
  InSleepCycle: 0
  SleepInterrupt: 0
  LerpDuration: 1
  sleepCameraLerpDurationIn: 5
  sleepCameraLerpDurationOut: 1
  sleepTimescale: 30
  sleepTODDuration: 600
  sleepTODWait: 8
  sleepyMusic: {fileID: 0}
  WanderSpeed: 15
  WanderPatience: 10
  WanderDirectionChangeInterval: 2
  WanderDistance: 2
  WanderDestination: {fileID: 0}
  WanderDestinationIndex: 0
--- !u!135 &1525
SphereCollider:
  m_ObjectHideFlags: 0
  m_CorrespondingSourceObject: {fileID: 0}
  m_PrefabInstance: {fileID: 0}
  m_PrefabAsset: {fileID: 0}
  m_GameObject: {fileID: 189}
  m_Material: {fileID: 13400000, guid: 4afe672e0554544988de045b7667676f, type: 2}
  m_IsTrigger: 0
  m_Enabled: 1
  serializedVersion: 2
  m_Radius: 0.12
  m_Center: {x: 0, y: 0, z: 0}
--- !u!54 &1264
Rigidbody:
  m_ObjectHideFlags: 0
  m_CorrespondingSourceObject: {fileID: 0}
  m_PrefabInstance: {fileID: 0}
  m_PrefabAsset: {fileID: 0}
  m_GameObject: {fileID: 189}
  serializedVersion: 2
  m_Mass: 1
  m_Drag: 10
  m_AngularDrag: 1
  m_UseGravity: 0
  m_IsKinematic: 0
  m_Interpolate: 0
  m_Constraints: 116
  m_CollisionDetection: 0
--- !u!114 &1773
MonoBehaviour:
  m_ObjectHideFlags: 0
  m_CorrespondingSourceObject: {fileID: 0}
  m_PrefabInstance: {fileID: 0}
  m_PrefabAsset: {fileID: 0}
  m_GameObject: {fileID: 189}
  m_Enabled: 1
  m_EditorHideFlags: 0
  m_Script: {fileID: 11500000, guid: f6242c1b5f3d54af388869909b5935f7, type: 3}
  m_Name: 
  m_EditorClassIdentifier: 
  LockToGround: 1
--- !u!114 &1768
MonoBehaviour:
  m_ObjectHideFlags: 0
  m_CorrespondingSourceObject: {fileID: 0}
  m_PrefabInstance: {fileID: 0}
  m_PrefabAsset: {fileID: 0}
  m_GameObject: {fileID: 189}
  m_Enabled: 1
  m_EditorHideFlags: 0
  m_Script: {fileID: 11500000, guid: 8fe7307af0a0b4697af2b9e85e571376, type: 3}
  m_Name: 
  m_EditorClassIdentifier: 
  Target: {fileID: 576}
  Rate: 4
  MaxRange: 0.08
  rampUpRate: 1
  rampDownRate: 0.2
  ResetThreshold: 0.01
  moveType: 0
  AlignLocalToBillboard: {fileID: 1762}
  StartPosition: {x: 0, y: 0, z: 0}
--- !u!82 &1481
AudioSource:
  m_ObjectHideFlags: 0
  m_CorrespondingSourceObject: {fileID: 0}
  m_PrefabInstance: {fileID: 0}
  m_PrefabAsset: {fileID: 0}
  m_GameObject: {fileID: 189}
  m_Enabled: 1
  serializedVersion: 4
  OutputAudioMixerGroup: {fileID: 0}
  m_audioClip: {fileID: 0}
  m_PlayOnAwake: 0
  m_Volume: 0.344
  m_Pitch: 1
  Loop: 0
  Mute: 0
  Spatialize: 0
  SpatializePostEffects: 0
  Priority: 128
  DopplerLevel: 0
  MinDistance: 3
  MaxDistance: 10
  Pan2D: 0
  rolloffMode: 1
  BypassEffects: 0
  BypassListenerEffects: 0
  BypassReverbZones: 0
  rolloffCustomCurve:
    serializedVersion: 2
    m_Curve:
    - serializedVersion: 3
      time: 0.033071138
      value: 1.0232811
      inSlope: -2.931639
      outSlope: -2.931639
      tangentMode: 0
      weightedMode: 0
      inWeight: 0.33333334
      outWeight: 0.33333334
    - serializedVersion: 3
      time: 1
      value: 0
      inSlope: -0.15631224
      outSlope: -0.15631224
      tangentMode: 0
      weightedMode: 0
      inWeight: 0.33333334
      outWeight: 0.33333334
    m_PreInfinity: 2
    m_PostInfinity: 2
    m_RotationOrder: 0
  panLevelCustomCurve:
    serializedVersion: 2
    m_Curve:
    - serializedVersion: 3
      time: 0
      value: 1
      inSlope: 0
      outSlope: 0
      tangentMode: 0
      weightedMode: 0
      inWeight: 0.33333334
      outWeight: 0.33333334
    m_PreInfinity: 2
    m_PostInfinity: 2
    m_RotationOrder: 0
  spreadCustomCurve:
    serializedVersion: 2
    m_Curve:
    - serializedVersion: 3
      time: 0
      value: 0
      inSlope: 0
      outSlope: 0
      tangentMode: 0
      weightedMode: 0
      inWeight: 0.33333334
      outWeight: 0.33333334
    m_PreInfinity: 2
    m_PostInfinity: 2
    m_RotationOrder: 0
  reverbZoneMixCustomCurve:
    serializedVersion: 2
    m_Curve:
    - serializedVersion: 3
      time: 0
      value: 1
      inSlope: 0
      outSlope: 0
      tangentMode: 0
      weightedMode: 0
      inWeight: 0.33333334
      outWeight: 0.33333334
    m_PreInfinity: 2
    m_PostInfinity: 2
    m_RotationOrder: 0
--- !u!114 &1911
MonoBehaviour:
  m_ObjectHideFlags: 0
  m_CorrespondingSourceObject: {fileID: 0}
  m_PrefabInstance: {fileID: 0}
  m_PrefabAsset: {fileID: 0}
  m_GameObject: {fileID: 189}
  m_Enabled: 1
  m_EditorHideFlags: 0
  m_Script: {fileID: 11500000, guid: 0e5924121de9c4b79876cc78acd23e89, type: 3}
  m_Name: 
  m_EditorClassIdentifier: 
  serialize: 1
  id: -26192422
--- !u!114 &1808
MonoBehaviour:
  m_ObjectHideFlags: 0
  m_CorrespondingSourceObject: {fileID: 0}
  m_PrefabInstance: {fileID: 0}
  m_PrefabAsset: {fileID: 0}
  m_GameObject: {fileID: 189}
  m_Enabled: 1
  m_EditorHideFlags: 0
  m_Script: {fileID: 11500000, guid: d3b1e4c44ca8743e1afc2024653c1a42, type: 3}
  m_Name: 
  m_EditorClassIdentifier: 
  tags: 
--- !u!114 &2124
MonoBehaviour:
  m_ObjectHideFlags: 0
  m_CorrespondingSourceObject: {fileID: 0}
  m_PrefabInstance: {fileID: 0}
  m_PrefabAsset: {fileID: 0}
  m_GameObject: {fileID: 189}
  m_Enabled: 1
  m_EditorHideFlags: 0
  m_Script: {fileID: 11500000, guid: 087f14fef1e794bdebd1a868905c4d4a, type: 3}
  m_Name: 
  m_EditorClassIdentifier: 
  useSurrogates: 0
  surrogatePrefab: {fileID: 1000011148332766, guid: f7ee5fac1728449cd9827e8d12b1a515,
    type: 3}
--- !u!114 &1888
MonoBehaviour:
  m_ObjectHideFlags: 0
  m_CorrespondingSourceObject: {fileID: 0}
  m_PrefabInstance: {fileID: 0}
  m_PrefabAsset: {fileID: 0}
  m_GameObject: {fileID: 189}
  m_Enabled: 1
  m_EditorHideFlags: 0
  m_Script: {fileID: 11500000, guid: 1b4e04236e911485ebd9869753050450, type: 3}
  m_Name: 
  m_EditorClassIdentifier: 
  audioSource: {fileID: 1481}
  jabber: {fileID: 0}
  pattern: jibber jabber
  Loop: 0
  index: 0
  isPlaying: 0
  phoClip:
    UseClipLength: 0
    UseOffset: 1
    Offset: 0
    clip: {fileID: 0}
--- !u!1 &192
GameObject:
  m_ObjectHideFlags: 0
  m_CorrespondingSourceObject: {fileID: 0}
  m_PrefabInstance: {fileID: 0}
  m_PrefabAsset: {fileID: 0}
  serializedVersion: 6
  m_Component:
  - component: {fileID: 576}
  - component: {fileID: 1762}
  - component: {fileID: 1006}
  - component: {fileID: 1190}
  - component: {fileID: 2467}
  m_Layer: 0
  m_Name: sprite
  m_TagString: Untagged
  m_Icon: {fileID: 0}
  m_NavMeshLayer: 0
  m_StaticEditorFlags: 0
  m_IsActive: 1
--- !u!4 &576
Transform:
  m_ObjectHideFlags: 0
  m_CorrespondingSourceObject: {fileID: 0}
  m_PrefabInstance: {fileID: 0}
  m_PrefabAsset: {fileID: 0}
  m_GameObject: {fileID: 192}
  m_LocalRotation: {x: -0.06569681, y: -0.6233722, z: -0.05268207, w: 0.7773774}
  m_LocalPosition: {x: 0, y: 0, z: 0}
  m_LocalScale: {x: 1, y: 1, z: 1}
  m_Children:
  - {fileID: 757}
  - {fileID: 590}
  - {fileID: 609}
  - {fileID: 797}
  - {fileID: 735}
  - {fileID: 655}
  - {fileID: 676}
  - {fileID: 725}
  m_Father: {fileID: 573}
  m_RootOrder: 1
  m_LocalEulerAnglesHint: {x: 0, y: 0, z: 0}
--- !u!114 &1762
MonoBehaviour:
  m_ObjectHideFlags: 0
  m_CorrespondingSourceObject: {fileID: 0}
  m_PrefabInstance: {fileID: 0}
  m_PrefabAsset: {fileID: 0}
  m_GameObject: {fileID: 192}
  m_Enabled: 1
  m_EditorHideFlags: 0
  m_Script: {fileID: 11500000, guid: 97716fe5f1ab5406494e796838c91b4a, type: 3}
  m_Name: 
  m_EditorClassIdentifier: 
  faceCamera: 1
  keepUpright: 0
  flip: 0
  showImage: 1
  mr: {fileID: 1006}
  mf: {fileID: 1190}
  sprite: {fileID: 21300206, guid: 8f76102b7f7fb41e28a2c2a84c488a8f, type: 3}
--- !u!23 &1006
MeshRenderer:
  m_ObjectHideFlags: 0
  m_CorrespondingSourceObject: {fileID: 0}
  m_PrefabInstance: {fileID: 0}
  m_PrefabAsset: {fileID: 0}
  m_GameObject: {fileID: 192}
  m_Enabled: 1
  m_CastShadows: 1
  m_ReceiveShadows: 1
  m_DynamicOccludee: 1
  m_MotionVectors: 1
  m_LightProbeUsage: 1
  m_ReflectionProbeUsage: 1
  m_RenderingLayerMask: 1
  m_RendererPriority: 0
  m_Materials:
  - {fileID: 2100000, guid: 7fb624c5b762a41c988f8028e3eee565, type: 2}
  m_StaticBatchInfo:
    firstSubMesh: 0
    subMeshCount: 0
  m_StaticBatchRoot: {fileID: 0}
  m_ProbeAnchor: {fileID: 0}
  m_LightProbeVolumeOverride: {fileID: 0}
  m_ScaleInLightmap: 1
  m_ReceiveGI: 1
  m_PreserveUVs: 0
  m_IgnoreNormalsForChartDetection: 0
  m_ImportantGI: 0
  m_StitchLightmapSeams: 0
  m_SelectedEditorRenderState: 3
  m_MinimumChartSize: 4
  m_AutoUVMaxDistance: 0.5
  m_AutoUVMaxAngle: 89
  m_LightmapParameters: {fileID: 0}
  m_SortingLayerID: 0
  m_SortingLayer: 0
  m_SortingOrder: 0
--- !u!33 &1190
MeshFilter:
  m_ObjectHideFlags: 0
  m_CorrespondingSourceObject: {fileID: 0}
  m_PrefabInstance: {fileID: 0}
  m_PrefabAsset: {fileID: 0}
  m_GameObject: {fileID: 192}
  m_Mesh: {fileID: 4300010, guid: 800310678967343958103140803e5f5c, type: 3}
--- !u!114 &2467
MonoBehaviour:
  m_ObjectHideFlags: 0
  m_CorrespondingSourceObject: {fileID: 0}
  m_PrefabInstance: {fileID: 0}
  m_PrefabAsset: {fileID: 0}
  m_GameObject: {fileID: 192}
  m_Enabled: 0
  m_EditorHideFlags: 0
  m_Script: {fileID: 11500000, guid: 4c59b0f92490e49faa4f7448ea0264c8, type: 3}
  m_Name: 
  m_EditorClassIdentifier: 
  rndr: {fileID: 1006}
  PulseColor: {r: 2, g: 0, b: 0, a: 1}
  duration: 0.1
  flashDuration: 0.05
--- !u!1 &209
GameObject:
  m_ObjectHideFlags: 0
  m_CorrespondingSourceObject: {fileID: 0}
  m_PrefabInstance: {fileID: 0}
  m_PrefabAsset: {fileID: 0}
  serializedVersion: 6
  m_Component:
  - component: {fileID: 590}
  m_Layer: 0
  m_Name: Left Hand Items
  m_TagString: Untagged
  m_Icon: {fileID: 0}
  m_NavMeshLayer: 0
  m_StaticEditorFlags: 0
  m_IsActive: 1
--- !u!4 &590
Transform:
  m_ObjectHideFlags: 0
  m_CorrespondingSourceObject: {fileID: 0}
  m_PrefabInstance: {fileID: 0}
  m_PrefabAsset: {fileID: 0}
  m_GameObject: {fileID: 209}
  m_LocalRotation: {x: 0, y: 0, z: 0, w: 1}
  m_LocalPosition: {x: -0.092, y: -0.015, z: 0}
  m_LocalScale: {x: 1, y: 1, z: 1}
  m_Children: []
  m_Father: {fileID: 576}
  m_RootOrder: 1
  m_LocalEulerAnglesHint: {x: 0, y: 0, z: 0}
--- !u!1 &280
GameObject:
  m_ObjectHideFlags: 0
  m_CorrespondingSourceObject: {fileID: 0}
  m_PrefabInstance: {fileID: 0}
  m_PrefabAsset: {fileID: 0}
  serializedVersion: 6
  m_Component:
  - component: {fileID: 797}
  - component: {fileID: 1193}
  - component: {fileID: 1015}
  - component: {fileID: 2088}
  m_Layer: 13
  m_Name: healthbar
  m_TagString: Untagged
  m_Icon: {fileID: 0}
  m_NavMeshLayer: 0
  m_StaticEditorFlags: 0
  m_IsActive: 0
--- !u!4 &797
Transform:
  m_ObjectHideFlags: 0
  m_CorrespondingSourceObject: {fileID: 0}
  m_PrefabInstance: {fileID: 0}
  m_PrefabAsset: {fileID: 0}
  m_GameObject: {fileID: 280}
  m_LocalRotation: {x: 0, y: 0, z: 0, w: 1}
  m_LocalPosition: {x: 0, y: -0.055, z: -0.02}
  m_LocalScale: {x: 1, y: 1, z: 1}
  m_Children: []
  m_Father: {fileID: 576}
  m_RootOrder: 3
  m_LocalEulerAnglesHint: {x: 0, y: 0, z: 0}
--- !u!33 &1193
MeshFilter:
  m_ObjectHideFlags: 0
  m_CorrespondingSourceObject: {fileID: 0}
  m_PrefabInstance: {fileID: 0}
  m_PrefabAsset: {fileID: 0}
  m_GameObject: {fileID: 280}
  m_Mesh: {fileID: 4300008, guid: 800310678967343958103140803e5f5c, type: 3}
--- !u!23 &1015
MeshRenderer:
  m_ObjectHideFlags: 0
  m_CorrespondingSourceObject: {fileID: 0}
  m_PrefabInstance: {fileID: 0}
  m_PrefabAsset: {fileID: 0}
  m_GameObject: {fileID: 280}
  m_Enabled: 1
  m_CastShadows: 0
  m_ReceiveShadows: 0
  m_DynamicOccludee: 1
  m_MotionVectors: 1
  m_LightProbeUsage: 1
  m_ReflectionProbeUsage: 1
  m_RenderingLayerMask: 1
  m_RendererPriority: 0
  m_Materials:
  - {fileID: 2100000, guid: 2fe71a4007f7b437885da2d69ef4defe, type: 2}
  m_StaticBatchInfo:
    firstSubMesh: 0
    subMeshCount: 0
  m_StaticBatchRoot: {fileID: 0}
  m_ProbeAnchor: {fileID: 0}
  m_LightProbeVolumeOverride: {fileID: 0}
  m_ScaleInLightmap: 1
  m_ReceiveGI: 1
  m_PreserveUVs: 0
  m_IgnoreNormalsForChartDetection: 0
  m_ImportantGI: 0
  m_StitchLightmapSeams: 0
  m_SelectedEditorRenderState: 3
  m_MinimumChartSize: 4
  m_AutoUVMaxDistance: 0.5
  m_AutoUVMaxAngle: 89
  m_LightmapParameters: {fileID: 0}
  m_SortingLayerID: 0
  m_SortingLayer: 0
  m_SortingOrder: 0
--- !u!114 &2088
MonoBehaviour:
  m_ObjectHideFlags: 0
  m_CorrespondingSourceObject: {fileID: 0}
  m_PrefabInstance: {fileID: 0}
  m_PrefabAsset: {fileID: 0}
  m_GameObject: {fileID: 280}
  m_Enabled: 1
  m_EditorHideFlags: 0
  m_Script: {fileID: 11500000, guid: 32c8d6c7b20d44f7fb506fa3f9c49c41, type: 3}
  m_Name: 
  m_EditorClassIdentifier: 
  alpha: 1
  shapeIndex: 0
--- !u!1 &310
GameObject:
  m_ObjectHideFlags: 0
  m_CorrespondingSourceObject: {fileID: 0}
  m_PrefabInstance: {fileID: 0}
  m_PrefabAsset: {fileID: 0}
  serializedVersion: 6
  m_Component:
  - component: {fileID: 849}
  - component: {fileID: 1058}
  - component: {fileID: 1496}
  - component: {fileID: 2021}
  - component: {fileID: 1967}
  m_Layer: 0
  m_Name: spoken
  m_TagString: Untagged
  m_Icon: {fileID: 0}
  m_NavMeshLayer: 0
  m_StaticEditorFlags: 0
  m_IsActive: 1
--- !u!4 &849
Transform:
  m_ObjectHideFlags: 0
  m_CorrespondingSourceObject: {fileID: 0}
  m_PrefabInstance: {fileID: 0}
  m_PrefabAsset: {fileID: 0}
  m_GameObject: {fileID: 310}
  m_LocalRotation: {x: 0.0711471, y: -0.6229874, z: 0.05705187, w: 0.7768976}
  m_LocalPosition: {x: 0, y: 0.24, z: 0}
  m_LocalScale: {x: 1, y: 1, z: 1}
  m_Children: []
  m_Father: {fileID: 573}
  m_RootOrder: 0
  m_LocalEulerAnglesHint: {x: 0, y: 0, z: 0}
--- !u!23 &1058
MeshRenderer:
  m_ObjectHideFlags: 0
  m_CorrespondingSourceObject: {fileID: 0}
  m_PrefabInstance: {fileID: 0}
  m_PrefabAsset: {fileID: 0}
  m_GameObject: {fileID: 310}
  m_Enabled: 1
  m_CastShadows: 1
  m_ReceiveShadows: 1
  m_DynamicOccludee: 1
  m_MotionVectors: 1
  m_LightProbeUsage: 1
  m_ReflectionProbeUsage: 1
  m_RenderingLayerMask: 1
  m_RendererPriority: 0
  m_Materials:
  - {fileID: 10100, guid: 0000000000000000e000000000000000, type: 0}
  m_StaticBatchInfo:
    firstSubMesh: 0
    subMeshCount: 0
  m_StaticBatchRoot: {fileID: 0}
  m_ProbeAnchor: {fileID: 0}
  m_LightProbeVolumeOverride: {fileID: 0}
  m_ScaleInLightmap: 1
  m_ReceiveGI: 1
  m_PreserveUVs: 0
  m_IgnoreNormalsForChartDetection: 0
  m_ImportantGI: 0
  m_StitchLightmapSeams: 0
  m_SelectedEditorRenderState: 3
  m_MinimumChartSize: 4
  m_AutoUVMaxDistance: 0.5
  m_AutoUVMaxAngle: 89
  m_LightmapParameters: {fileID: 0}
  m_SortingLayerID: 0
  m_SortingLayer: 0
  m_SortingOrder: 0
--- !u!102 &1496
TextMesh:
  serializedVersion: 3
  m_ObjectHideFlags: 0
  m_CorrespondingSourceObject: {fileID: 0}
  m_PrefabInstance: {fileID: 0}
  m_PrefabAsset: {fileID: 0}
  m_GameObject: {fileID: 310}
  m_Text: yeah
  m_OffsetZ: 0
  m_CharacterSize: 0.01
  m_LineSpacing: 1
  m_Anchor: 3
  m_Alignment: 0
  m_TabSize: 4
  m_FontSize: 40
  m_FontStyle: 0
  m_RichText: 0
  m_Font: {fileID: 12800000, guid: a09fa86463a2044ec9d31fb9a6bfc6ee, type: 3}
  m_Color:
    serializedVersion: 2
    rgba: 4294967295
--- !u!114 &2021
MonoBehaviour:
  m_ObjectHideFlags: 0
  m_CorrespondingSourceObject: {fileID: 0}
  m_PrefabInstance: {fileID: 0}
  m_PrefabAsset: {fileID: 0}
  m_GameObject: {fileID: 310}
  m_Enabled: 1
  m_EditorHideFlags: 0
  m_Script: {fileID: 11500000, guid: b98c85f34376a43fe812ebf7f79e9b47, type: 3}
  m_Name: 
  m_EditorClassIdentifier: 
  ps: {fileID: 0}
  duration: 1
  OnTimeout:
    m_PersistentCalls:
      m_Calls:
      - m_Target: {fileID: 1058}
        m_MethodName: set_enabled
        m_Mode: 6
        m_Arguments:
          m_ObjectArgument: {fileID: 0}
          m_ObjectArgumentAssemblyTypeName: UnityEngine.Object, UnityEngine
          m_IntArgument: 0
          m_FloatArgument: 0
          m_StringArgument: 
          m_BoolArgument: 0
        m_CallState: 2
--- !u!114 &1967
MonoBehaviour:
  m_ObjectHideFlags: 0
  m_CorrespondingSourceObject: {fileID: 0}
  m_PrefabInstance: {fileID: 0}
  m_PrefabAsset: {fileID: 0}
  m_GameObject: {fileID: 310}
  m_Enabled: 1
  m_EditorHideFlags: 0
  m_Script: {fileID: 11500000, guid: 97716fe5f1ab5406494e796838c91b4a, type: 3}
  m_Name: 
  m_EditorClassIdentifier: 
  faceCamera: 1
  keepUpright: 0
  flip: 0
  showImage: 0
  mr: {fileID: 1058}
  mf: {fileID: 0}
  sprite: {fileID: 0}
--- !u!1 &320
GameObject:
  m_ObjectHideFlags: 0
  m_CorrespondingSourceObject: {fileID: 0}
  m_PrefabInstance: {fileID: 0}
  m_PrefabAsset: {fileID: 0}
  serializedVersion: 6
  m_Component:
  - component: {fileID: 655}
  - component: {fileID: 1222}
  - component: {fileID: 920}
  - component: {fileID: 2275}
  m_Layer: 13
  m_Name: killbar
  m_TagString: Untagged
  m_Icon: {fileID: 0}
  m_NavMeshLayer: 0
  m_StaticEditorFlags: 0
  m_IsActive: 0
--- !u!4 &655
Transform:
  m_ObjectHideFlags: 0
  m_CorrespondingSourceObject: {fileID: 0}
  m_PrefabInstance: {fileID: 0}
  m_PrefabAsset: {fileID: 0}
  m_GameObject: {fileID: 320}
  m_LocalRotation: {x: -0, y: -0, z: -0, w: 1}
  m_LocalPosition: {x: 0, y: -0.086, z: -0.02}
  m_LocalScale: {x: 1.0000002, y: 1, z: 0.9999998}
  m_Children: []
  m_Father: {fileID: 576}
  m_RootOrder: 5
  m_LocalEulerAnglesHint: {x: 0, y: 0, z: 0}
--- !u!33 &1222
MeshFilter:
  m_ObjectHideFlags: 0
  m_CorrespondingSourceObject: {fileID: 0}
  m_PrefabInstance: {fileID: 0}
  m_PrefabAsset: {fileID: 0}
  m_GameObject: {fileID: 320}
  m_Mesh: {fileID: 4300008, guid: 800310678967343958103140803e5f5c, type: 3}
--- !u!23 &920
MeshRenderer:
  m_ObjectHideFlags: 0
  m_CorrespondingSourceObject: {fileID: 0}
  m_PrefabInstance: {fileID: 0}
  m_PrefabAsset: {fileID: 0}
  m_GameObject: {fileID: 320}
  m_Enabled: 1
  m_CastShadows: 0
  m_ReceiveShadows: 0
  m_DynamicOccludee: 1
  m_MotionVectors: 1
  m_LightProbeUsage: 1
  m_ReflectionProbeUsage: 1
  m_RenderingLayerMask: 1
  m_RendererPriority: 0
  m_Materials:
  - {fileID: 2100000, guid: 378fe3a006d404d2b985c7403c363721, type: 2}
  m_StaticBatchInfo:
    firstSubMesh: 0
    subMeshCount: 0
  m_StaticBatchRoot: {fileID: 0}
  m_ProbeAnchor: {fileID: 0}
  m_LightProbeVolumeOverride: {fileID: 0}
  m_ScaleInLightmap: 1
  m_ReceiveGI: 1
  m_PreserveUVs: 0
  m_IgnoreNormalsForChartDetection: 0
  m_ImportantGI: 0
  m_StitchLightmapSeams: 0
  m_SelectedEditorRenderState: 3
  m_MinimumChartSize: 4
  m_AutoUVMaxDistance: 0.5
  m_AutoUVMaxAngle: 89
  m_LightmapParameters: {fileID: 0}
  m_SortingLayerID: 0
  m_SortingLayer: 0
  m_SortingOrder: 0
--- !u!114 &2275
MonoBehaviour:
  m_ObjectHideFlags: 0
  m_CorrespondingSourceObject: {fileID: 0}
  m_PrefabInstance: {fileID: 0}
  m_PrefabAsset: {fileID: 0}
  m_GameObject: {fileID: 320}
  m_Enabled: 1
  m_EditorHideFlags: 0
  m_Script: {fileID: 11500000, guid: 32c8d6c7b20d44f7fb506fa3f9c49c41, type: 3}
  m_Name: 
  m_EditorClassIdentifier: 
  alpha: 1
  shapeIndex: 0
--- !u!1 &385
GameObject:
  m_ObjectHideFlags: 0
  m_CorrespondingSourceObject: {fileID: 0}
  m_PrefabInstance: {fileID: 0}
  m_PrefabAsset: {fileID: 0}
  serializedVersion: 6
  m_Component:
  - component: {fileID: 735}
  - component: {fileID: 1166}
  - component: {fileID: 1024}
  - component: {fileID: 2462}
  m_Layer: 13
  m_Name: mouth
  m_TagString: Untagged
  m_Icon: {fileID: 0}
  m_NavMeshLayer: 0
  m_StaticEditorFlags: 0
  m_IsActive: 0
--- !u!4 &735
Transform:
  m_ObjectHideFlags: 0
  m_CorrespondingSourceObject: {fileID: 0}
  m_PrefabInstance: {fileID: 0}
  m_PrefabAsset: {fileID: 0}
  m_GameObject: {fileID: 385}
  m_LocalRotation: {x: -0, y: -0, z: -0, w: 1}
  m_LocalPosition: {x: 0.015, y: 0.015, z: -0.02}
  m_LocalScale: {x: 1, y: 1, z: 1}
  m_Children: []
  m_Father: {fileID: 576}
  m_RootOrder: 4
  m_LocalEulerAnglesHint: {x: 0, y: 0, z: 0}
--- !u!33 &1166
MeshFilter:
  m_ObjectHideFlags: 0
  m_CorrespondingSourceObject: {fileID: 0}
  m_PrefabInstance: {fileID: 0}
  m_PrefabAsset: {fileID: 0}
  m_GameObject: {fileID: 385}
  m_Mesh: {fileID: 4300006, guid: 800310678967343958103140803e5f5c, type: 3}
--- !u!23 &1024
MeshRenderer:
  m_ObjectHideFlags: 0
  m_CorrespondingSourceObject: {fileID: 0}
  m_PrefabInstance: {fileID: 0}
  m_PrefabAsset: {fileID: 0}
  m_GameObject: {fileID: 385}
  m_Enabled: 1
  m_CastShadows: 0
  m_ReceiveShadows: 0
  m_DynamicOccludee: 1
  m_MotionVectors: 1
  m_LightProbeUsage: 1
  m_ReflectionProbeUsage: 1
  m_RenderingLayerMask: 1
  m_RendererPriority: 0
  m_Materials:
  - {fileID: 2100000, guid: 7ad129a4fe065497b9c06281ef948c45, type: 2}
  m_StaticBatchInfo:
    firstSubMesh: 0
    subMeshCount: 0
  m_StaticBatchRoot: {fileID: 0}
  m_ProbeAnchor: {fileID: 0}
  m_LightProbeVolumeOverride: {fileID: 0}
  m_ScaleInLightmap: 1
  m_ReceiveGI: 1
  m_PreserveUVs: 0
  m_IgnoreNormalsForChartDetection: 0
  m_ImportantGI: 0
  m_StitchLightmapSeams: 0
  m_SelectedEditorRenderState: 3
  m_MinimumChartSize: 4
  m_AutoUVMaxDistance: 0.5
  m_AutoUVMaxAngle: 89
  m_LightmapParameters: {fileID: 0}
  m_SortingLayerID: 0
  m_SortingLayer: 0
  m_SortingOrder: 0
--- !u!114 &2462
MonoBehaviour:
  m_ObjectHideFlags: 0
  m_CorrespondingSourceObject: {fileID: 0}
  m_PrefabInstance: {fileID: 0}
  m_PrefabAsset: {fileID: 0}
  m_GameObject: {fileID: 385}
  m_Enabled: 1
  m_EditorHideFlags: 0
  m_Script: {fileID: 11500000, guid: 32c8d6c7b20d44f7fb506fa3f9c49c41, type: 3}
  m_Name: 
  m_EditorClassIdentifier: 
  alpha: 0
  shapeIndex: 0
--- !u!1 &405
GameObject:
  m_ObjectHideFlags: 0
  m_CorrespondingSourceObject: {fileID: 0}
  m_PrefabInstance: {fileID: 0}
  m_PrefabAsset: {fileID: 0}
  serializedVersion: 6
  m_Component:
  - component: {fileID: 725}
  - component: {fileID: 904}
  - component: {fileID: 1499}
  m_Layer: 0
  m_Name: nametag
  m_TagString: Untagged
  m_Icon: {fileID: 0}
  m_NavMeshLayer: 0
  m_StaticEditorFlags: 0
  m_IsActive: 1
--- !u!4 &725
Transform:
  m_ObjectHideFlags: 0
  m_CorrespondingSourceObject: {fileID: 0}
  m_PrefabInstance: {fileID: 0}
  m_PrefabAsset: {fileID: 0}
  m_GameObject: {fileID: 405}
  m_LocalRotation: {x: 0, y: 0, z: 0, w: 1}
  m_LocalPosition: {x: -0.044, y: 0.094, z: 0}
  m_LocalScale: {x: 1, y: 1, z: 1}
  m_Children: []
  m_Father: {fileID: 576}
  m_RootOrder: 7
  m_LocalEulerAnglesHint: {x: 0, y: 0, z: 0}
--- !u!23 &904
MeshRenderer:
  m_ObjectHideFlags: 0
  m_CorrespondingSourceObject: {fileID: 0}
  m_PrefabInstance: {fileID: 0}
  m_PrefabAsset: {fileID: 0}
  m_GameObject: {fileID: 405}
  m_Enabled: 0
  m_CastShadows: 1
  m_ReceiveShadows: 1
  m_DynamicOccludee: 1
  m_MotionVectors: 1
  m_LightProbeUsage: 1
  m_ReflectionProbeUsage: 1
  m_RenderingLayerMask: 1
  m_RendererPriority: 0
  m_Materials:
  - {fileID: 2100000, guid: 678e03de974024643adeb12e0b57fed0, type: 2}
  m_StaticBatchInfo:
    firstSubMesh: 0
    subMeshCount: 0
  m_StaticBatchRoot: {fileID: 0}
  m_ProbeAnchor: {fileID: 0}
  m_LightProbeVolumeOverride: {fileID: 0}
  m_ScaleInLightmap: 1
  m_ReceiveGI: 1
  m_PreserveUVs: 0
  m_IgnoreNormalsForChartDetection: 0
  m_ImportantGI: 0
  m_StitchLightmapSeams: 0
  m_SelectedEditorRenderState: 3
  m_MinimumChartSize: 4
  m_AutoUVMaxDistance: 0.5
  m_AutoUVMaxAngle: 89
  m_LightmapParameters: {fileID: 0}
  m_SortingLayerID: 0
  m_SortingLayer: 0
  m_SortingOrder: 0
--- !u!102 &1499
TextMesh:
  serializedVersion: 3
  m_ObjectHideFlags: 0
  m_CorrespondingSourceObject: {fileID: 0}
  m_PrefabInstance: {fileID: 0}
  m_PrefabAsset: {fileID: 0}
  m_GameObject: {fileID: 405}
  m_Text: name
  m_OffsetZ: -0.001
  m_CharacterSize: 0.01
  m_LineSpacing: 1
  m_Anchor: 4
  m_Alignment: 1
  m_TabSize: 4
  m_FontSize: 40
  m_FontStyle: 0
  m_RichText: 1
  m_Font: {fileID: 12800000, guid: a09fa86463a2044ec9d31fb9a6bfc6ee, type: 3}
  m_Color:
    serializedVersion: 2
    rgba: 4294967295
--- !u!1 &409
GameObject:
  m_ObjectHideFlags: 0
  m_CorrespondingSourceObject: {fileID: 0}
  m_PrefabInstance: {fileID: 0}
  m_PrefabAsset: {fileID: 0}
  serializedVersion: 6
  m_Component:
  - component: {fileID: 676}
  - component: {fileID: 1096}
  - component: {fileID: 1038}
  - component: {fileID: 2454}
  m_Layer: 13
  m_Name: staminabar
  m_TagString: Untagged
  m_Icon: {fileID: 0}
  m_NavMeshLayer: 0
  m_StaticEditorFlags: 0
  m_IsActive: 0
--- !u!4 &676
Transform:
  m_ObjectHideFlags: 0
  m_CorrespondingSourceObject: {fileID: 0}
  m_PrefabInstance: {fileID: 0}
  m_PrefabAsset: {fileID: 0}
  m_GameObject: {fileID: 409}
  m_LocalRotation: {x: 9.313226e-10, y: -0, z: -0.000000007450581, w: 1}
  m_LocalPosition: {x: 0, y: -0.029499996, z: -0.020000003}
  m_LocalScale: {x: 1, y: 1, z: 1}
  m_Children: []
  m_Father: {fileID: 576}
  m_RootOrder: 6
  m_LocalEulerAnglesHint: {x: 0, y: 0, z: 0}
--- !u!33 &1096
MeshFilter:
  m_ObjectHideFlags: 0
  m_CorrespondingSourceObject: {fileID: 0}
  m_PrefabInstance: {fileID: 0}
  m_PrefabAsset: {fileID: 0}
  m_GameObject: {fileID: 409}
  m_Mesh: {fileID: 4300008, guid: 800310678967343958103140803e5f5c, type: 3}
--- !u!23 &1038
MeshRenderer:
  m_ObjectHideFlags: 0
  m_CorrespondingSourceObject: {fileID: 0}
  m_PrefabInstance: {fileID: 0}
  m_PrefabAsset: {fileID: 0}
  m_GameObject: {fileID: 409}
  m_Enabled: 1
  m_CastShadows: 0
  m_ReceiveShadows: 0
  m_DynamicOccludee: 1
  m_MotionVectors: 1
  m_LightProbeUsage: 1
  m_ReflectionProbeUsage: 1
  m_RenderingLayerMask: 1
  m_RendererPriority: 0
  m_Materials:
  - {fileID: 2100000, guid: 2249d21627120477484dc277ea2ceea2, type: 2}
  m_StaticBatchInfo:
    firstSubMesh: 0
    subMeshCount: 0
  m_StaticBatchRoot: {fileID: 0}
  m_ProbeAnchor: {fileID: 0}
  m_LightProbeVolumeOverride: {fileID: 0}
  m_ScaleInLightmap: 1
  m_ReceiveGI: 1
  m_PreserveUVs: 0
  m_IgnoreNormalsForChartDetection: 0
  m_ImportantGI: 0
  m_StitchLightmapSeams: 0
  m_SelectedEditorRenderState: 3
  m_MinimumChartSize: 4
  m_AutoUVMaxDistance: 0.5
  m_AutoUVMaxAngle: 89
  m_LightmapParameters: {fileID: 0}
  m_SortingLayerID: 0
  m_SortingLayer: 0
  m_SortingOrder: 0
--- !u!114 &2454
MonoBehaviour:
  m_ObjectHideFlags: 0
  m_CorrespondingSourceObject: {fileID: 0}
  m_PrefabInstance: {fileID: 0}
  m_PrefabAsset: {fileID: 0}
  m_GameObject: {fileID: 409}
  m_Enabled: 1
  m_EditorHideFlags: 0
  m_Script: {fileID: 11500000, guid: 32c8d6c7b20d44f7fb506fa3f9c49c41, type: 3}
  m_Name: 
  m_EditorClassIdentifier: 
  alpha: 1
  shapeIndex: 0
--- !u!1 &496
GameObject:
  m_ObjectHideFlags: 0
  m_CorrespondingSourceObject: {fileID: 0}
  m_PrefabInstance: {fileID: 0}
  m_PrefabAsset: {fileID: 0}
  serializedVersion: 6
  m_Component:
  - component: {fileID: 757}
  m_Layer: 0
  m_Name: Right Hand Items
  m_TagString: Untagged
  m_Icon: {fileID: 0}
  m_NavMeshLayer: 0
  m_StaticEditorFlags: 0
  m_IsActive: 1
--- !u!4 &757
Transform:
  m_ObjectHideFlags: 0
  m_CorrespondingSourceObject: {fileID: 0}
  m_PrefabInstance: {fileID: 0}
  m_PrefabAsset: {fileID: 0}
  m_GameObject: {fileID: 496}
  m_LocalRotation: {x: 0, y: 0, z: 0, w: 1}
  m_LocalPosition: {x: 0.04, y: -0.015, z: 0}
  m_LocalScale: {x: 1, y: 1, z: 1}
  m_Children: []
  m_Father: {fileID: 576}
  m_RootOrder: 0
  m_LocalEulerAnglesHint: {x: 0, y: 0, z: 0}
--- !u!1 &514
GameObject:
  m_ObjectHideFlags: 0
  m_CorrespondingSourceObject: {fileID: 0}
  m_PrefabInstance: {fileID: 0}
  m_PrefabAsset: {fileID: 0}
  serializedVersion: 6
  m_Component:
  - component: {fileID: 609}
  m_Layer: 0
  m_Name: Right Hand
  m_TagString: Untagged
  m_Icon: {fileID: 0}
  m_NavMeshLayer: 0
  m_StaticEditorFlags: 0
  m_IsActive: 1
--- !u!4 &609
Transform:
  m_ObjectHideFlags: 0
  m_CorrespondingSourceObject: {fileID: 0}
  m_PrefabInstance: {fileID: 0}
  m_PrefabAsset: {fileID: 0}
  m_GameObject: {fileID: 514}
  m_LocalRotation: {x: 0, y: 0, z: 0, w: 1}
  m_LocalPosition: {x: 0.15, y: 0.06, z: 0}
  m_LocalScale: {x: 1, y: 1, z: 1}
  m_Children: []
  m_Father: {fileID: 576}
  m_RootOrder: 2
  m_LocalEulerAnglesHint: {x: 0, y: 0, z: 0}
