%YAML 1.1
%TAG !u! tag:unity3d.com,2011:
--- !u!1 &419
GameObject:
  m_ObjectHideFlags: 0
  m_CorrespondingSourceObject: {fileID: 0}
  m_PrefabInstance: {fileID: 0}
  m_PrefabAsset: {fileID: 0}
  serializedVersion: 6
  m_Component:
  - component: {fileID: 829}
  - component: {fileID: 1206}
  - component: {fileID: 1037}
  - component: {fileID: 2417}
  - component: {fileID: 1943}
  - component: {fileID: 2376}
  - component: {fileID: 1990}
  - component: {fileID: 2442}
  - component: {fileID: 1326}
  - component: {fileID: 2409}
  - component: {fileID: 1617}
  - component: {fileID: 2297}
  m_Layer: 12
  m_Name: spawn-seeker
  m_TagString: Untagged
  m_Icon: {fileID: 0}
  m_NavMeshLayer: 0
  m_StaticEditorFlags: 4294967295
  m_IsActive: 1
--- !u!4 &829
Transform:
  m_ObjectHideFlags: 0
  m_CorrespondingSourceObject: {fileID: 0}
  m_PrefabInstance: {fileID: 0}
  m_PrefabAsset: {fileID: 0}
  m_GameObject: {fileID: 419}
  m_LocalRotation: {x: -0, y: -0, z: -0, w: 1}
  m_LocalPosition: {x: 0, y: 0, z: 0}
  m_LocalScale: {x: 1, y: 1, z: 1}
  m_Children: []
  m_Father: {fileID: 0}
  m_RootOrder: 0
  m_LocalEulerAnglesHint: {x: 0, y: 0, z: 0}
--- !u!33 &1206
MeshFilter:
  m_ObjectHideFlags: 0
  m_CorrespondingSourceObject: {fileID: 0}
  m_PrefabInstance: {fileID: 0}
  m_PrefabAsset: {fileID: 0}
  m_GameObject: {fileID: 419}
  m_Mesh: {fileID: 4300150, guid: 6bdea92d8756747228e8077b07e8f4ea, type: 3}
--- !u!23 &1037
MeshRenderer:
  m_ObjectHideFlags: 0
  m_CorrespondingSourceObject: {fileID: 0}
  m_PrefabInstance: {fileID: 0}
  m_PrefabAsset: {fileID: 0}
  m_GameObject: {fileID: 419}
  m_Enabled: 1
  m_CastShadows: 0
  m_ReceiveShadows: 0
  m_DynamicOccludee: 1
  m_MotionVectors: 2
  m_LightProbeUsage: 0
  m_ReflectionProbeUsage: 0
  m_RenderingLayerMask: 1
  m_RendererPriority: 0
  m_Materials:
  - {fileID: 2100000, guid: 000575c00d4a941c1b0a9e113654693e, type: 2}
  m_StaticBatchInfo:
    firstSubMesh: 0
    subMeshCount: 0
  m_StaticBatchRoot: {fileID: 0}
  m_ProbeAnchor: {fileID: 0}
  m_LightProbeVolumeOverride: {fileID: 0}
  m_ScaleInLightmap: 1
  m_ReceiveGI: 1
  m_PreserveUVs: 0
  m_IgnoreNormalsForChartDetection: 0
  m_ImportantGI: 0
  m_StitchLightmapSeams: 0
  m_SelectedEditorRenderState: 3
  m_MinimumChartSize: 4
  m_AutoUVMaxDistance: 0.5
  m_AutoUVMaxAngle: 89
  m_LightmapParameters: {fileID: 0}
  m_SortingLayerID: 0
  m_SortingLayer: 0
  m_SortingOrder: 0
--- !u!114 &2417
MonoBehaviour:
  m_ObjectHideFlags: 0
  m_CorrespondingSourceObject: {fileID: 0}
  m_PrefabInstance: {fileID: 0}
  m_PrefabAsset: {fileID: 0}
  m_GameObject: {fileID: 419}
  m_Enabled: 1
  m_EditorHideFlags: 0
  m_Script: {fileID: 11500000, guid: fb363f5e5a3644938bed912d7964cd30, type: 3}
  m_Name: 
  m_EditorClassIdentifier: 
  Owner: {fileID: 0}
  EnableTrigger: 0
  EnableCollision: 1
  events:
  - Tags: 04000000
    ExcludeTags: 
    Type: 2
    SpawnEffectOffset: {x: 0, y: 0, z: 0}
    DestroyDelay: 0
    ReflectForceMode: 0
    ReflectIntensity: 0
    evt:
      m_PersistentCalls:
        m_Calls:
        - m_Target: {fileID: 2417}
          m_MethodName: SpawnEffect
          m_Mode: 2
          m_Arguments:
            m_ObjectArgument: {fileID: 1000014283288724, guid: 0ee259e9e185d4781b904621846cb93b,
              type: 3}
            m_ObjectArgumentAssemblyTypeName: UnityEngine.GameObject, UnityEngine
            m_IntArgument: 0
            m_FloatArgument: 0
            m_StringArgument: 
            m_BoolArgument: 0
          m_CallState: 2
--- !u!114 &1943
MonoBehaviour:
  m_ObjectHideFlags: 0
  m_CorrespondingSourceObject: {fileID: 0}
  m_PrefabInstance: {fileID: 0}
  m_PrefabAsset: {fileID: 0}
  m_GameObject: {fileID: 419}
  m_Enabled: 1
  m_EditorHideFlags: 0
  m_Script: {fileID: 11500000, guid: 0e5924121de9c4b79876cc78acd23e89, type: 3}
  m_Name: 
  m_EditorClassIdentifier: 
  serialize: 1
  id: -5649242
--- !u!114 &2376
MonoBehaviour:
  m_ObjectHideFlags: 0
  m_CorrespondingSourceObject: {fileID: 0}
  m_PrefabInstance: {fileID: 0}
  m_PrefabAsset: {fileID: 0}
  m_GameObject: {fileID: 419}
  m_Enabled: 1
  m_EditorHideFlags: 0
  m_Script: {fileID: 11500000, guid: 1bdbdc4a972704ad3be03f505f2322b2, type: 3}
  m_Name: 
  m_EditorClassIdentifier: 
  id: 0
  TeamName: monster
  MyTeam:
    name: 
    Tag: 0
    Color: {r: 0, g: 0, b: 0, a: 0}
    Material: {fileID: 0}
    Interests: []
  SpawnPointLocal: {fileID: 0}
  Animation: {fileID: 0}
  AudioSource: {fileID: 0}
  CannonSound: {fileID: 0}
  CannonPuff: {fileID: 0}
  CannonSpeed: 10
  SpawnRadius: 0.2
  TargetQuota: 6
  StartDelay: 1
  UnderRepeatRate: 10
  MaxedRepeatRate: 10
  ChooseRandomPrefab: 1
  SpawnPrefab:
  - {fileID: 189, guid: 0a6588450a8da425793e5b562dbf51fd, type: 3}
  SpawnedCharacters: []
  SpawnedCharactersID: 
--- !u!114 &1990
MonoBehaviour:
  m_ObjectHideFlags: 0
  m_CorrespondingSourceObject: {fileID: 0}
  m_PrefabInstance: {fileID: 0}
  m_PrefabAsset: {fileID: 0}
  m_GameObject: {fileID: 419}
  m_Enabled: 1
  m_EditorHideFlags: 0
  m_Script: {fileID: 11500000, guid: d3b1e4c44ca8743e1afc2024653c1a42, type: 3}
  m_Name: 
  m_EditorClassIdentifier: 
  tags: 06000000
--- !u!114 &2442
MonoBehaviour:
  m_ObjectHideFlags: 0
  m_CorrespondingSourceObject: {fileID: 0}
  m_PrefabInstance: {fileID: 0}
  m_PrefabAsset: {fileID: 0}
  m_GameObject: {fileID: 419}
  m_Enabled: 1
  m_EditorHideFlags: 0
  m_Script: {fileID: 11500000, guid: 0f0fc9c1133024f6ba6fc0f0098b8c7a, type: 3}
  m_Name: 
  m_EditorClassIdentifier: 
  id: 0
  Health: 7
  HealthRegen: 0
  meshName: 
  mf: {fileID: 1206}
  meshes: []
  DamageTypes: 00000000
  thresholds:
  - Health: 0
    WhenReached:
      m_PersistentCalls:
        m_Calls:
        - m_Target: {fileID: 2417}
          m_MethodName: DestroyGameObject
          m_Mode: 1
          m_Arguments:
            m_ObjectArgument: {fileID: 0}
            m_ObjectArgumentAssemblyTypeName: UnityEngine.Object, UnityEngine
            m_IntArgument: 0
            m_FloatArgument: 0
            m_StringArgument: 
            m_BoolArgument: 0
          m_CallState: 2
        - m_Target: {fileID: 2417}
          m_MethodName: SpawnEffect
          m_Mode: 2
          m_Arguments:
            m_ObjectArgument: {fileID: 1000013293028820, guid: 896c53a8341984e25ba83bed27cb7e07,
              type: 3}
            m_ObjectArgumentAssemblyTypeName: UnityEngine.GameObject, UnityEngine
            m_IntArgument: 0
            m_FloatArgument: 0
            m_StringArgument: 
            m_BoolArgument: 0
          m_CallState: 2
        - m_Target: {fileID: 2417}
          m_MethodName: AudioOneShot
          m_Mode: 2
          m_Arguments:
            m_ObjectArgument: {fileID: 8300000, guid: bd99fd22eddbe4aa5a408fe086343d57,
              type: 3}
            m_ObjectArgumentAssemblyTypeName: UnityEngine.AudioClip, UnityEngine
            m_IntArgument: 0
            m_FloatArgument: 0
            m_StringArgument: 
            m_BoolArgument: 0
          m_CallState: 2
  SpawnObjectRadius: 0.5
--- !u!65 &1326
BoxCollider:
  m_ObjectHideFlags: 0
  m_CorrespondingSourceObject: {fileID: 0}
  m_PrefabInstance: {fileID: 0}
  m_PrefabAsset: {fileID: 0}
  m_GameObject: {fileID: 419}
  m_Material: {fileID: 0}
  m_IsTrigger: 0
  m_Enabled: 1
  serializedVersion: 2
  m_Size: {x: 0.5, y: 0.5, z: 0.5}
  m_Center: {x: 0, y: 0.25, z: 0}
--- !u!114 &2409
MonoBehaviour:
  m_ObjectHideFlags: 0
  m_CorrespondingSourceObject: {fileID: 0}
  m_PrefabInstance: {fileID: 0}
  m_PrefabAsset: {fileID: 0}
  m_GameObject: {fileID: 419}
  m_Enabled: 1
  m_EditorHideFlags: 0
  m_Script: {fileID: 11500000, guid: 1e3fdca004f2d45fe8abbed571a8abd5, type: 3}
  m_Name: 
  m_EditorClassIdentifier: 
  m_OverrideArea: 0
  m_Area: 0
  m_IgnoreFromBuild: 1
  m_AffectedAgents: ffffffff
--- !u!208 &1617
NavMeshObstacle:
  m_ObjectHideFlags: 0
  m_CorrespondingSourceObject: {fileID: 0}
  m_PrefabInstance: {fileID: 0}
  m_PrefabAsset: {fileID: 0}
  m_GameObject: {fileID: 419}
  m_Enabled: 1
  serializedVersion: 3
  m_Shape: 1
  m_Extents: {x: 0.25, y: 0.25, z: 0.25}
  m_MoveThreshold: 0.1
  m_Carve: 1
  m_CarveOnlyStationary: 1
  m_Center: {x: 0, y: 0.25, z: 0}
  m_TimeToStationary: 0.5
--- !u!114 &2297
MonoBehaviour:
  m_ObjectHideFlags: 0
  m_CorrespondingSourceObject: {fileID: 0}
  m_PrefabInstance: {fileID: 0}
  m_PrefabAsset: {fileID: 0}
  m_GameObject: {fileID: 419}
  m_Enabled: 1
  m_EditorHideFlags: 0
  m_Script: {fileID: 11500000, guid: 90df378947a2148b6bddb86417cfedab, type: 3}
  m_Name: 
  m_EditorClassIdentifier: 
  id: 0
  ClaimedBy: {fileID: 0}
  textMesh: {fileID: 0}
  CommunalDestination: 0
  ArrivalRadius: 1
  GatherDestinationTags: 
  HomeForTags: 06000000
  EditorColor: {r: 1, g: 0, b: 1, a: 0.1}
  GenericIntParam: 0
  GenericFloatParam: 0
