%YAML 1.1
%TAG !u! tag:unity3d.com,2011:
--- !u!1 &185
GameObject:
  m_ObjectHideFlags: 0
  m_CorrespondingSourceObject: {fileID: 0}
  m_PrefabInstance: {fileID: 0}
  m_PrefabAsset: {fileID: 0}
  serializedVersion: 6
  m_Component:
  - component: {fileID: 569}
  - component: {fileID: 2251}
  - component: {fileID: 1794}
  - component: {fileID: 2048}
  - component: {fileID: 898}
  - component: {fileID: 1130}
  - component: {fileID: 2036}
  - component: {fileID: 1277}
  - component: {fileID: 1327}
  - component: {fileID: 1960}
  m_Layer: 9
  m_Name: swag-axe
  m_TagString: Untagged
  m_Icon: {fileID: 0}
  m_NavMeshLayer: 0
  m_StaticEditorFlags: 0
  m_IsActive: 1
--- !u!4 &569
Transform:
  m_ObjectHideFlags: 0
  m_CorrespondingSourceObject: {fileID: 0}
  m_PrefabInstance: {fileID: 0}
  m_PrefabAsset: {fileID: 0}
  m_GameObject: {fileID: 185}
  m_LocalRotation: {x: 0, y: 0, z: 0, w: 1}
  m_LocalPosition: {x: 0, y: 0, z: 0}
  m_LocalScale: {x: 1, y: 1, z: 1}
  m_Children: []
  m_Father: {fileID: 0}
  m_RootOrder: 0
  m_LocalEulerAnglesHint: {x: 0, y: 0, z: 0}
--- !u!114 &2251
MonoBehaviour:
  m_ObjectHideFlags: 0
  m_CorrespondingSourceObject: {fileID: 0}
  m_PrefabInstance: {fileID: 0}
  m_PrefabAsset: {fileID: 0}
  m_GameObject: {fileID: 185}
  m_Enabled: 1
  m_EditorHideFlags: 0
  m_Script: {fileID: 11500000, guid: 80c9218fbf2b2402f8c3586b191f05e6, type: 3}
  m_Name: 
  m_EditorClassIdentifier: 
  Item: {fileID: 114546770975263284, guid: 1a234a97b7b2542feafd89c9f12982b2, type: 3}
  lerp: {fileID: 2048}
  IsHeld: 0
  HeldByCharacter: {fileID: 0}
  PreserveConstraintsWhenDropped: 1
  CreateRigidbodyWhenCarried: 0
  cachedConstraints: 0
  GroundForward: {x: 0, y: 0, z: 1}
  GroundUp: {x: 0, y: 1, z: 0}
  EquippedOffset: {x: 0.001, y: 0, z: 0}
  EquippedForward: {x: 0, y: 0, z: 1}
  EquippedUp: {x: 0.2, y: 1, z: 0}
--- !u!114 &1794
MonoBehaviour:
  m_ObjectHideFlags: 0
  m_CorrespondingSourceObject: {fileID: 0}
  m_PrefabInstance: {fileID: 0}
  m_PrefabAsset: {fileID: 0}
  m_GameObject: {fileID: 185}
  m_Enabled: 1
  m_EditorHideFlags: 0
  m_Script: {fileID: 11500000, guid: d3b1e4c44ca8743e1afc2024653c1a42, type: 3}
  m_Name: 
  m_EditorClassIdentifier: 
  tags: 0300000009000000
--- !u!114 &2048
MonoBehaviour:
  m_ObjectHideFlags: 0
  m_CorrespondingSourceObject: {fileID: 0}
  m_PrefabInstance: {fileID: 0}
  m_PrefabAsset: {fileID: 0}
  m_GameObject: {fileID: 185}
  m_Enabled: 0
  m_EditorHideFlags: 0
  m_Script: {fileID: 11500000, guid: b354d2a7dbe8646c6a420d77974217c2, type: 3}
  m_Name: 
  m_EditorClassIdentifier: 
  moveTransform: {fileID: 569}
  targetTransform: {fileID: 0}
  WorldTarget: 0
  targetPositionWorld: {x: 0, y: 0, z: 0}
  targetRotationForward: {x: 0, y: 0, z: 0}
  targetRotationUp: {x: 0, y: 0, z: 0}
  localOffset: {x: 0, y: 0, z: 0}
  duration: 1
  lerpType: 0
  translateCurve:
    serializedVersion: 2
    m_Curve:
    - serializedVersion: 3
      time: 0
      value: 0
      inSlope: 1
      outSlope: 1
      tangentMode: 34
      weightedMode: 0
      inWeight: 0.33333334
      outWeight: 0.33333334
    - serializedVersion: 3
      time: 1
      value: 1
      inSlope: 1
      outSlope: 1
      tangentMode: 34
      weightedMode: 0
      inWeight: 0.33333334
      outWeight: 0.33333334
    m_PreInfinity: 2
    m_PostInfinity: 2
    m_RotationOrder: 0
  rotateCurve:
    serializedVersion: 2
    m_Curve:
    - serializedVersion: 3
      time: 0
      value: 0
      inSlope: 1
      outSlope: 1
      tangentMode: 34
      weightedMode: 0
      inWeight: 0.33333334
      outWeight: 0.33333334
    - serializedVersion: 3
      time: 1
      value: 1
      inSlope: 1
      outSlope: 1
      tangentMode: 34
      weightedMode: 0
      inWeight: 0.33333334
      outWeight: 0.33333334
    m_PreInfinity: 2
    m_PostInfinity: 2
    m_RotationOrder: 0
  LerpRotation: 0
  IgnoreYaw: 1
  Scale: 0
  targetScale: 1
  Continuous: 0
  Rigidbody: 0
  force: 1
  UseMaxDistance: 0
  MaxDistance: 2
--- !u!23 &898
MeshRenderer:
  m_ObjectHideFlags: 0
  m_CorrespondingSourceObject: {fileID: 0}
  m_PrefabInstance: {fileID: 0}
  m_PrefabAsset: {fileID: 0}
  m_GameObject: {fileID: 185}
  m_Enabled: 1
  m_CastShadows: 1
  m_ReceiveShadows: 0
  m_DynamicOccludee: 1
  m_MotionVectors: 2
  m_LightProbeUsage: 0
  m_ReflectionProbeUsage: 0
  m_RenderingLayerMask: 1
  m_RendererPriority: 0
  m_Materials:
  - {fileID: 2100000, guid: 30a83a3f62cfc4c70b2d6c002bd7949f, type: 2}
  m_StaticBatchInfo:
    firstSubMesh: 0
    subMeshCount: 0
  m_StaticBatchRoot: {fileID: 0}
  m_ProbeAnchor: {fileID: 0}
  m_LightProbeVolumeOverride: {fileID: 0}
  m_ScaleInLightmap: 1
  m_ReceiveGI: 1
  m_PreserveUVs: 0
  m_IgnoreNormalsForChartDetection: 0
  m_ImportantGI: 0
  m_StitchLightmapSeams: 0
  m_SelectedEditorRenderState: 3
  m_MinimumChartSize: 4
  m_AutoUVMaxDistance: 0.5
  m_AutoUVMaxAngle: 89
  m_LightmapParameters: {fileID: 0}
  m_SortingLayerID: 0
  m_SortingLayer: 0
  m_SortingOrder: 0
--- !u!33 &1130
MeshFilter:
  m_ObjectHideFlags: 0
  m_CorrespondingSourceObject: {fileID: 0}
  m_PrefabInstance: {fileID: 0}
  m_PrefabAsset: {fileID: 0}
  m_GameObject: {fileID: 185}
  m_Mesh: {fileID: 4300010, guid: 800310678967343958103140803e5f5c, type: 3}
--- !u!114 &2036
MonoBehaviour:
  m_ObjectHideFlags: 0
  m_CorrespondingSourceObject: {fileID: 0}
  m_PrefabInstance: {fileID: 0}
  m_PrefabAsset: {fileID: 0}
  m_GameObject: {fileID: 185}
  m_Enabled: 1
  m_EditorHideFlags: 0
  m_Script: {fileID: 11500000, guid: 0e5924121de9c4b79876cc78acd23e89, type: 3}
  m_Name: 
  m_EditorClassIdentifier: 
  serialize: 1
  id: -72052
--- !u!54 &1277
Rigidbody:
  m_ObjectHideFlags: 0
  m_CorrespondingSourceObject: {fileID: 0}
  m_PrefabInstance: {fileID: 0}
  m_PrefabAsset: {fileID: 0}
  m_GameObject: {fileID: 185}
  serializedVersion: 2
  m_Mass: 0.1
  m_Drag: 5
  m_AngularDrag: 2
  m_UseGravity: 1
  m_IsKinematic: 0
  m_Interpolate: 0
  m_Constraints: 48
  m_CollisionDetection: 0
--- !u!65 &1327
BoxCollider:
  m_ObjectHideFlags: 0
  m_CorrespondingSourceObject: {fileID: 0}
  m_PrefabInstance: {fileID: 0}
  m_PrefabAsset: {fileID: 0}
  m_GameObject: {fileID: 185}
  m_Material: {fileID: 0}
  m_IsTrigger: 0
  m_Enabled: 1
  serializedVersion: 2
  m_Size: {x: 0.07071069, y: 0.22627416, z: 0.02}
  m_Center: {x: 0.0070710676, y: 0, z: 0}
--- !u!114 &1960
MonoBehaviour:
  m_ObjectHideFlags: 0
  m_CorrespondingSourceObject: {fileID: 0}
  m_PrefabInstance: {fileID: 0}
  m_PrefabAsset: {fileID: 0}
  m_GameObject: {fileID: 185}
  m_Enabled: 1
  m_EditorHideFlags: 0
  m_Script: {fileID: 11500000, guid: 97716fe5f1ab5406494e796838c91b4a, type: 3}
  m_Name: 
  m_EditorClassIdentifier: 
  faceCamera: 1
  keepUpright: 0
  flip: 0
  showImage: 1
  mr: {fileID: 898}
  mf: {fileID: 1130}
  sprite: {fileID: 21300024, guid: d4e56880637234b99b4501cf5e223a6a, type: 3}
